%@STRING( IJCV = {International Journal of Computer Vision})
@STRING( IJCV = {IJCV})

%@STRING( CVIU = {Computer Vision and Image Understanding})
@STRING( CVIU = {CVIU})

%@STRING( CVGIP = {CVGIP})
@STRING( CVGIP = {Computer Vision Graphics and Image Processing})

@STRING( ICPR = {IAPR International Conference on Image Processing})
		  
%@STRING( CVPR = {IEEE Computer Society Conference on Computer Vision and Pattern Recognition})
@STRING( CVPR = {CVPR})

%@STRING( ECCV = {European Conference on Computer Vision})
@STRING( ECCV = {ECCV})		  

@STRING( ACCV = {Asian Conference on Computer Vision})

%@STRING( ICCV = {IEEE International Conference on Computer Vision})
@STRING( ICCV = {ICCV})		  

%@STRING( ICRA = {IEEE International Conference on Robotics and Automation})
@STRING( ICRA = {ICRA})

%@STRING( IROS = {IEEE/RSJ International Conference on Intelligent Robots and Systems})
@STRING( IROS = {IROS})

%@STRING( ICML = {International Conference on Machine Learning})
@STRING( ICML = {ICML})

%@STRING( NIPS = {NIPS})
@STRING( NIPS = {Neural Information Processing Systems})

%@STRING( FG = {IEEE Int.~Conf.~Automatic Face and 
%                     Gesture Recognition})		  
@STRING( FG = {IEEE International Conference on Automatic Face and 
                     Gesture Recognition})		  

% @STRING( PAMI = {IEEE Transactions on Pattern Analysis and Machine Intelligence})
@STRING( PAMI = {IEEE PAMI})

%@STRING( IVC = {Image and Vision Computing})
@STRING( IVC = {IVC})

%@STRING( IJRR = {International Journal of Robotics Research})
@STRING( IJRR = {IJRR})

%@STRING( TRO = {IEEE Transactions on Robotics})
@STRING( TRO = {IEEE TRO})

%@STRING( ICPRAM = {ICPRAM})
@STRING( ICPRAM = {International Conference on Pattern Recognition Applications and Methods})


@ARTICLE{aggarwal-cai99,
   AUTHOR = {J.~K.~Aggarwal and Q.~Cai},
   TITLE = {Human motion analysis: A review},
   JOURNAL = CVIU,
	VOLUME = {73},
	NUMBER = {3},
	PAGES = {428--440},
   YEAR = {1999}
   }        

@ARTICLE{badler93,
   AUTHOR = {N.~I.~Badler and M.~J.~Hollick and J.~P.~Granieri},
   TITLE = {Real-time control of a virtual human using minimal sensors},
   JOURNAL = {Presence},
	VOLUME = {2},
	NUMBER = {1},
	PAGES = {82--86},
   YEAR = {1993}
   }        

@ARTICLE{bar-joseph00,
   AUTHOR = {J.~Bar-Joseph and R.~El-Yaniv and D.~Lischinski and M.~Werman},
   TITLE = {Texture mixing and texture movie synthesis using statistical 
            learning},
   JOURNAL = {IEEE Transactions on Visualization and Computer Graphics},
   YEAR = {to appear}
   }        

@ARTICLE{belongie02,
   AUTHOR = {S.~Belongie and J.~Malik and J.~Puzicha},
   TITLE = {Shape matching and object recognition using shape contexts},
   JOURNAL = PAMI,
   VOLUME = {24},
   NUMBER = {24},
   YEAR = {2002},
   PAGES = {509--522}
   }
   
@ARTICLE{Shi97,
    author = {J.~Shi and J.~Malik},
    title = {Normalized Cuts and Image Segmentation},
    journal = PAMI,
    year = {1997},
    volume = {22},
    pages = {888--905}
}

@ARTICLE{Bar04,
	author = {M.~Bar},
	journal = {Nature Reviews Neuroscience},
	number = {8},
	pages = {617--629},
	title = {Visual objects in context},
	volume = {5},
	year = {2004}
}

@ARTICLE{Fenske06,
	author = {M.~J.~Fenske and E.~Aminoff and N.~Gronau and M.~Bar},
	journal = {Progress in Brain Research},
	pages = {3--21},
	title = {Top-down facilitation of visual object recognition: object-based and context-based contributions},
	volume = {155},
	year = {2006}
}

@ARTICLE{Gronau08,
	author = {N.~Gronau and M.~Neta and M.~Bar},
	journal = {Journal of Cognitive Neuroscience},
	number = {3},
	pages = {371--88},
	title = {Integrated contextual representation for objects' identities and their locations},
	volume = {20},
	year = {2008}
}


@ARTICLE{black-anandan96,
 	AUTHOR = {M.~J.~Black and P.~Anandan},
	TITLE = {The robust estimation of multiple motions:
            Parametric and piecewise-smooth flow fields},
   JOURNAL = CVIU,
	VOLUME = {63},
	NUMBER = {1},
	PAGES = {75--104},
	YEAR = {1996}
   }	    

@ARTICLE{black-fleet00,
 	AUTHOR = {M.~J.~Black and D.~J.~Fleet},
	TITLE = {Probabilistic Detection and Tracking of Motion Boundaries},
   JOURNAL = IJCV,
	VOLUME = {38},
	NUMBER = {3},
	PAGES = {231--245},
	YEAR = {2000}
   }	    

@ARTICLE{black-jepson98,
   AUTHOR = {M.~J.~Black and A.~D.~Jepson},
   TITLE = {{EigenTracking}: Robust Matching and Tracking of
            Articulated Objects Using a View-Based Representation},
   JOURNAL = IJCV,
   VOLUME = {26},
   NUMBER = {1},
   YEAR = {1998},
   PAGES = {63--84}
   }

@ARTICLE{bobick97,
   AUTHOR = {A.~F.~Bobick},
   TITLE = {Movement, activity and action: the role of knowledge in the perception of motion},
   JOURNAL = {Phil.~Trans.~Royal Society London B},
   VOLUME = {352},
   YEAR = {1997},
   PAGES = {1257--1265}
   }

@ARTICLE{bradski98,
   AUTHOR = {G.~R.~Bradski},
   TITLE = {Computer vision face tracking for use in a perceptual user 
            interface},
   JOURNAL = {Intel Technology Journal},
   YEAR = {1998},
   }
%   VOLUME = {2nd Quarter},

@ARTICLE{brand00,
   AUTHOR = {M.~Brand and V.~Kettnaker},
   TITLE = {discovery and Segmentation of activities in Video},
   JOURNAL = PAMI,
   VOLUME = {22},
   NUMBER = {8},
   YEAR = {2000},
   PAGES = {844--851}
   }

@ARTICLE{brooks91,
   AUTHOR = {R.~A.~Brooks},
   TITLE = {Intelligence without representation},
   JOURNAL = {Artificial Intelligence},
   VOLUME = {47},
   YEAR = {1991},
   PAGES = {139--159}
   }

@ARTICLE{bruderlin-calvert89,
   AUTHOR = {A.~Bruderlin and T.~W.~Calvert},
   TITLE = {Intelligence without representation},
   JOURNAL = {Computer Graphics},
   VOLUME = {23},
   YEAR = {1989},
   PAGES = {233--242}
   }

@ARTICLE{burt-adelson83,
   AUTHOR = {P.~J.~Burt and E.~H.~Adelson},
   TITLE = {The Laplacian Pyramid as a Compact Image Code},
   JOURNAL = {IEEE Transactions on Communications},
   VOLUME = {31},
   NUMBER = {4},
   YEAR = {1983}
   }

@ARTICLE{calinon07,
   AUTHOR = {S.~Calinon and F.~Guenter and A.~Billard},
   TITLE = {On Learning, Representing and Generalizing a Task in a Humanoid Robot},
   JOURNAL = {IEEE Transactions on Systems, Man and Cybernetics, Part B},
   VOLUME = {37},
   YEAR = {2001},
   PAGES = {286--298}
   }


@ARTICLE{cootes01,
   AUTHOR = {T.~F.~Cootes and G.~J.~Edwards and C.~J.~Taylor},
   TITLE = {Active appearance models},
   JOURNAL = PAMI,
   VOLUME = {23},
   NUMBER = {6},
   YEAR = {2001},
   PAGES = {681--685}
   }
	    
@ARTICLE{cutkosky89,
   AUTHOR = {M.~Cutkosky},
   TITLE = {On grasp choice, grasp models and the design of hands for manufacturing tasks},
   JOURNAL = {IEEE Transactions on Robotics and Automation},
   VOLUME = {5},
   NUMBER = {3},
   YEAR = {1989},
   PAGES = {269--279}
   }
	    
@ARTICLE{darrell00,
   AUTHOR = {T.~Darrell and G.~Gordon and M.~Harville and J.~Woodfill},
   TITLE = {Integrated person tracking using stereo, color, and pattern 
            detection},
   JOURNAL = IJCV,
   VOLUME = {37},
   NUMBER = {2},
   YEAR = {2000},
   PAGES = {175--185}
   }
	    
@ARTICLE{donato99,
   AUTHOR = {G.~Donato and M.~S.~Bartlett and J.~C.~Hager and P.~Ekman and 
             T.~J.~Sejnowski},
   TITLE = {Classifying facial actions},
   JOURNAL = PAMI,
   VOLUME = {21},
   NUMBER = {10},
   YEAR = {1999},
   PAGES = {974--989}
   }
	    
@ARTICLE{dupont-luettin00,
   AUTHOR = {S.~Dupont and J.~Luettin},
   TITLE = {Audio-visual speech modeling for continuous speech recognition},
   JOURNAL = {IEEE Transactions on Multimedia},
   VOLUME = {2},
   NUMBER = {3},
   YEAR = {2000},
   PAGES = {141--151}
   }
   
   
   @ARTICLE{Erber,
   author = {N.~Erber},
   title = {Auditory, visual and auditory visual recognition of consonants by children with normal and impaired hearing},
   journal = {Journal of Speech and Hearing Research},
   year = 1972,
   volume = 15,
   pages = {413-422}
}

@article{felzenszwalb04,
author = {P.~F.~Felzenszwalb and D.~P.~Huttenlocher},
journal = IJCV,
number = {2},
pages = {167--181},
title = {Efficient graph-based image segmentation},
volume = {59},
year = {2004}
}

	    
@ARTICLE{freeman-adelson91,
   AUTHOR = {W.~T.~Freeman and E.~H.~Adelson},
   TITLE = {The design and use of steerable filters},
   JOURNAL = PAMI,
   VOLUME = {13},
   NUMBER = {9},
   YEAR = {1991},
   PAGES = {891--906}
   }

@ARTICLE{hang2016b, 
author={K. Hang and M. Li and J. A. Stork and Y. Bekiroglu and F. T. Pokorny and A. Billard and D. Kragic}, 
journal={IEEE Transactions on Robotics}, 
title={Hierarchical Fingertip Space: A Unified Framework for Grasp Planning and In-Hand Grasp Adaptation}, 
year={2016}, 
volume={32}, 
number={4}, 
pages={960-972}, 
doi={10.1109/TRO.2016.2588879}, 
ISSN={1552-3098}, 
month={Aug},}
	    
@ARTICLE{fischler-bolles81,
   AUTHOR = {M.~A.~Fischler and R.~C.~Bolles},
   TITLE = {{RANSAC} random sample concensus: A paradigm for model fitting with 
            applications to image analysis and automated cartography},
   JOURNAL = {Communications of the ACM}, 
   VOLUME = {26},
   YEAR = {1981}, 
   PAGES = {381--395}
   }

@ARTICLE{gavrila99,
	AUTHOR = {D.~M.~Gavrila},
	TITLE = {The visual analysis of human movement: A survey},
	JOURNAL = CVIU,
	VOLUME = {73},
	NUMBER = {1},
	YEAR = {1999},
	PAGES = {82--98}}

@ARTICLE{geman-jedynak96,
	AUTHOR = {D.~Geman and B.~Jedynak},
	TITLE = {An active testing model for tracking roads in
	         satellite images},
	JOURNAL = PAMI,
	VOLUME = {18},
	NUMBER = {1},
	YEAR = {1996},
	PAGES = {1--14}
	}
	    
@ARTICLE{gordon93,
	AUTHOR = {N.~Gordon and D.~Salmond and A.~Smith},
	TITLE = {A novel approach to {nonlinear/non-Gaussian} {Bayesian} 
            state estimation},
	JOURNAL = {IEE Proceedings on Radar, Sonar and Navigation},
	VOLUME = {140},
	NUMBER = {2},
	YEAR = {1993},
	PAGES = {107--113}
	}

@ARTICLE{gupta09a,
	AUTHOR = {A.~Gupta and A.~Kembhavi and L.~S.~Davis},
	TITLE = {Observing human-object interactions: Using spatial and functional compatibility for recognition},
	JOURNAL = PAMI, 
	VOLUME = {31},
 	NUMBER = {10},
	YEAR = {2009}, 
	PAGES = {1775--1789}
   }

	    
@ARTICLE{hager-behumeur98,
	AUTHOR = {G.~D.~Hager and P.~N.~Belhumeur},
	TITLE = {Efficient region tracking with parametric models of
	         geometry and illumination},
	JOURNAL = PAMI,
	VOLUME = {20},
	NUMBER = {10},
	YEAR = {1998},
	PAGES = {1025--1039}}

@ARTICLE{haritaoglu99,
	AUTHOR = {I.~Haritaoglu and D.~Harwood and L.~Davis},
	TITLE = {A real time system for detecting and tracking people},
	JOURNAL = IVC,
	YEAR = {to appear}
	}
	    
@ARTICLE{hogg83,
	AUTHOR={D.~C.~Hogg},
	TITLE={Model-based vision: A program to see a walking person},
	JOURNAL=IVC,
	VOLUME={1},
	NUMBER={1},
	PAGES={5--20},
	YEAR={1983}
   }

@ARTICLE{hu62,
   AUTHOR={M.~K.~Hu},
   TITLE={Visual pattern recognition by moment invariants},
   JOURNAL={IRE Transactions on Information Theory},
	VOLUME = {IT},
	NUMBER = {8},
   YEAR={1962}
   }
    
@ARTICLE{isard-blakeIJCV98,
	AUTHOR = {M.~Isard and A.~Blake},
	TITLE = {Condensation -- conditional density propagation for 
	          visual tracking},
	JOURNAL = IJCV,
	VOLUME = {29},
	NUMBER = {1},
	YEAR = {1998},
	PAGES = {5--28}
	}

@ARTICLE{ivanov-bobick00,
	AUTHOR = {Y.~A.~Ivanov and A.~F.~Bobick},
	TITLE = {Recognition of Visual Activities and Interactions by Stochastic Parsing},
	JOURNAL = PAMI,
	VOLUME = {22},
	NUMBER = {8},
	YEAR = {2000},
	PAGES = {852--872}
	}
	
@ARTICLE{johnson96,
   AUTHOR = {N.~Johnson and D.~C.~Hogg},
   TITLE = {Learning the distribution of object trajectories for event recognition},
   JOURNAL = IVC,
	VOLUME = {14},
	YEAR = {1996},
	PAGES = {609--615}
  }
  
@ARTICLE{kadir-brady01,
   AUTHOR = {T.~Kadir and M.~Brady},
   TITLE = {Saliency, scale and image description},
   JOURNAL = IJCV,
	VOLUME = {45},
	NUMBER = {2},
	YEAR = {2001},
	PAGES = {83--105}
  }
  
@ARTICLE{kailath67,
	AUTHOR = {T.~Kailath},
	TITLE = {The divergence and {Bhattacharyya} distance measures in signal 
            selection},
	JOURNAL = {IEEE Transactions on Communication Technology}, 
	VOLUME = {COM-15},
	NUMBER = {1},
	YEAR = {1951}, 
	PAGES = {52--60}
   }

@ARTICLE{kalman60,
	AUTHOR = {R.~E.~Kalman},
	TITLE = {A New Approach to Linear Filtering and Prediction Problems},
	JOURNAL = {ASME Journal of Basic Engineering}, 
	VOLUME = {82D},
   NUMBER = {1},
	YEAR = {1960}, 
	PAGES = {35--45}
   }

@ARTICLE{kim04,
	AUTHOR = {T-K.~Kim and H.~Kim and W.~Hwang and J.~Kittler},
	TITLE = {Independent component analysis in a local residue space for face recognition},
	JOURNAL = {Pattern Recognition},
   NUMBER = {37},
	YEAR = {2004}, 
	PAGES = {1873--1885}
   }

@ARTICLE{kjellstromCVIU11,
         AUTHOR = {H.~Kjellstr{\"o}m and J.~Romero and D.~Kragic},
	TITLE = {Visual object-action recognition: Inferring object affordances from human demonstration},
	JOURNAL = CVIU,
	VOLUME = {115},
	NUMBER={1},
	YEAR = {2011}, 
	PAGES = {81--90}
}

@ARTICLE{baisero13,
    AUTHOR = {A.~Baisero and F.~T.~Pokorny and D.~Kragic and C.~H.~Ek},
	TITLE = {The path kernel},
	JOURNAL = ICPRAM,
	YEAR = {2013}
}

@ARTICLE{konishi99,
	AUTHOR = {S.~M.~Konishi and A.~L.~Yuille and J.~M.~Coughlan and S.~C.~Zhu},
	TITLE = {Fundamental bounds on edge detection: An information
	         theoretic evaluation of different edge cues},
	JOURNAL = PAMI, 
   YEAR = {submitted}
	}
	    
@ARTICLE{kullback-leibler51,
	AUTHOR = {S.~Kullback and R.~A.~Leibler},
	TITLE = {On information and sufficiency},
	JOURNAL = {Annals of Mathematical Statistics}, 
	VOLUME = {22},
	YEAR = {1951}, 
	PAGES = {79--86}
   }
	    
@ARTICLE{lang-toussaint10,
	AUTHOR = {T.~Lang and M.~Toussaint},
	TITLE = {Planning with noisy probabilistic relational rules},
   JOURNAL = {Journal of Artificial Intelligence Research}, 
	VOLUME = {39},
	YEAR = {2010},
	PAGES = {1--49}
	}

@ARTICLE{laptev05,
	AUTHOR = {I.~Laptev},
	TITLE = {On space-time interest points},
   JOURNAL = IJCV, 
	VOLUME = {64},
	NUMBER = {2/3},
	YEAR = {2005},
	PAGES = {107--123}
}

@article{Choi12,
 author = {M.~J.~Choi and A.~Torralba and A.~S.~Willsky},
 title = {Context models and out-of-context objects},
 journal = {Pattern Recognition Letters},
 year = {2012},
 volume={33},
 number={7},
 pages={853--862}
} 

@article{NathB12,
  author    = {A.~R.~Nath and M.~S.~Beauchamp},
  title     = {A neural basis for interindividual differences in the McGurk
               effect, a multisensory speech illusion},
  journal   = {NeuroImage},
  volume    = {59},
  number    = {1},
  year      = {2012},
  pages     = {781-787}
}

@inproceedings{Pronobis07IROS,
  author = {Pronobis, A. and Caputo, B.},
  title = {Confidence-based Cue Integration for Visual Place Recognition},
  booktitle = IROS,
  year = {2007}
}

@article{Fischler81,
 author = {M.~A.~Fischler and R.~C.~Bolles},
 title = {Random sample consensus: a paradigm for model fitting with applications to image analysis and automated cartography},
 journal = {Commun. ACM},
 issue_date = {June 1981},
 volume = {24},
 number = {6},
 month = jun,
 year = {1981},
 pages = {381--395},
 numpages = {15},
 publisher = {ACM},
}
	
@ARTICLE{lee00,
	AUTHOR = {A.~B.~Lee and D.~Mumford and J.~Huang},
	TITLE = {Occlusion Models for Natural Images: A Statistical
	         Study of a Scale-Invariant Dead Leaves Model},
   JOURNAL = IJCV, 
	VOLUME = {41},
	NUMBER = {1/2},
	YEAR = {2001},
	PAGES = {35--59}
	}

@ARTICLE{lindeberg98,
	AUTHOR = {T.~Lindeberg},
	TITLE = {Edge detection and ridge detection with automatic
	         scale selection},
	JOURNAL = IJCV,
	VOLUME = {30},
	NUMBER = {2},
	YEAR = {1998},
	PAGES = {117--156}
	}
	    
@ARTICLE{little-boyd98,
	AUTHOR = {J.~J.~Little and J.~Boyd},
	TITLE = {Recognizing people by their gate: The shape of motion},
	JOURNAL = {Videre},
	VOLUME = {1},
	NUMBER = {2},
	YEAR = {1998},
	PAGES = {1--32}
	}

@ARTICLE{lodhi02,
	AUTHOR = {H.~Lodhi and C.~Saunders and J.~Shawe-Taylor and N.~Cristianini and C.~Watkins},
	TITLE = {Text classification using string kernels},
	JOURNAL = {Journal of Machine Learning Research},
	VOLUME = {2},
	YEAR = {2002},
	PAGES = {419--444}
	}

@ARTICLE{lowe04,
	AUTHOR = {D.~G.~Lowe},
	TITLE = {Distinctive image features from scale-invariant keypoints},
	JOURNAL = IJCV,
	VOLUME = {60},
	NUMBER = {2},
	YEAR = {2004},
	PAGES = {91--110}
	}

@ARTICLE{marthony74,
	AUTHOR = {J.~Marthony},
	TITLE = {On speechreading of {Swedish} consonants and vowels},
	JOURNAL = {STL-QPSR},
	YEAR = {1974}, 
	PAGES = {011--033}
   }

@ARTICLE{matas00,
 AUTHOR = {Matas, J. and Galambos, C. and Kittler, J.},
 TITLE = {Robust detection of lines using the progressive probabilistic {Hough} transform},
 JOURNAL = CVIU,
 VOLUME = {78},
 YEAR = {2000},
 PAGES = {119--137}
 } 


@ARTICLE{matthews02,
	AUTHOR = {I.~Matthews and T.~F.~Cootes and J.~A.~Bangham and S.~Cox and R.~Harvey},
	TITLE = {Extraction of visual features for lipreading},
	JOURNAL = PAMI,
	VOLUME = {24},
	NUMBER = {2},
	YEAR = {2002},
	PAGES = {198--213}
	}

@ARTICLE{mcnames01,
	AUTHOR = {J.~McNames},
	TITLE = {A fast nearest-neighbor algorithm based on a principal axis search 
            tree},
	JOURNAL = PAMI, 
	VOLUME = {23},
   NUMBER = {9},
	YEAR = {2001}, 
	PAGES = {964--976}
   }

@ARTICLE{metaxas-terzopoulos93,
	AUTHOR = {D.~Metaxas and D.~Terzopoulos},
	TITLE = {Shape and nonrigid motion estimation through physics-based synthesis},
	JOURNAL = PAMI, 
	VOLUME = {15},
   NUMBER = {6},
	YEAR = {1993}, 
	PAGES = {580--591}
   }

@ARTICLE{moeslund-granum01,
	AUTHOR = {T.~B.~Moeslund and E.~Granum},
	TITLE = {A survey of computer vision-based human motion capture},
	JOURNAL = CVIU, 
	VOLUME = {18},
	YEAR = {2001}, 
	PAGES = {231--268}
   }

@ARTICLE{moeslund06,
	AUTHOR = {T.~B.~Moeslund and A.~Hilton and V.~Kr{\"u}ger},
	TITLE = {A survey of advances in computer vision-based human motion capture and analysis},
	JOURNAL = CVIU, 
	VOLUME = {104},
	NUMBER = {2-3},
	YEAR = {2006}, 
	PAGES = {90--126}
   }

@ARTICLE{moghaddam-pentland97,
	AUTHOR = {B.~Moghaddam and A.~Pentland},
	TITLE = {Probabilistic visual learning for object representation},
	JOURNAL = PAMI, 
	VOLUME = {19},
   NUMBER = {7},
	YEAR = {1997}, 
	PAGES = {696--710}
   }

@ARTICLE{montesano08,
	AUTHOR = {L.~Montesano and M.~Lopes and A.~Bernardino and J.~{Santos-Victor}},
	TITLE = {Learning object affordances: From sensory motor coordination to imitation},
	JOURNAL = TRO, 
	VOLUME = {24},
   NUMBER = {1},
	YEAR = {2008}, 
	PAGES = {15--26}
   }

@ARTICLE{murase-nayar95,
	AUTHOR = {H.~Murase and S.~Nayar},
	TITLE = {Visual Learning and Recognition of {3-D} Objects from
            Appearance},
	JOURNAL = IJCV, 
	VOLUME = {14},
	YEAR = {1995}, 
	PAGES = {5--24}
   }

@ARTICLE{nalpantidis11,
AUTHOR = {Nalpantidis, L. and Sirakoulis, G. and Gasteratos, A.},
JOURNAL = {Measurement Science and Technology},
NUMBER = {11},
TITLE = {Non-probabilistic cellular automata-enhanced stereo vision simultaneous localization and mapping},
VOLUME = {22},
YEAR = {2011}
}


@ARTICLE{niebles08,
	AUTHOR = {J.~C.~Niebles and H.~Wang and L.~Fei-Fei},
	TITLE = {Unsupervised learning of human action categories using spatial-temporal words},
	JOURNAL = IJCV, 
	VOLUME = {79},
	NUMBER={3},
	YEAR = {2008}, 
	PAGES = {299--318}
   }

@ARTICLE{olshausen-field96,
	AUTHOR = {B.~Olshausen and D.~Field},
	TITLE = {Natural image statistics and efficient coding},
	JOURNAL = {Network Computation in Neural Systems},
	VOLUME = {7},
	NUMBER = {2},
   YEAR = {1996},
   PAGES = {333--339}
	}

@ARTICLE{ren13,
AUTHOR = {S.~Ren and Y.~Sun},
	TITLE = {Human-object-object interaction affordance},
	JOURNAL = {Workshop in Robot Vision},
	YEAR = {2012}
}
	
@ARTICLE{oliva-torralba07,
         AUTHOR = {A.~Oliva and A.~Torralba},
	TITLE = {The role of context in object recognition},
	JOURNAL = {Trends in Cognitive Sciences},
	VOLUME = {11},
	 NUMBER = {12},
	YEAR = {2007},
	PAGES = {520--527}	
}
		  
    
@ARTICLE{pavlovic97,
	AUTHOR = {V.~I.~Pavlovic and R.~Sharma and T.~S.~Huang},
	TITLE = {Visual interpretation of hand gestures for human-computer interaction: A review},
	JOURNAL = PAMI, 
	VOLUME = {19},
   NUMBER = {7},
	YEAR = {1997}, 
	PAGES = {677--695}
   }

@ARTICLE{popat-picard97,
   AUTHOR = {K.~Popat and R.~W.~Picard},
   TITLE = {Cluster-based probability model and its applications
            to image and texture processing},
   JOURNAL = {IEEE Transactions on Image Processing},
   VOLUME = {6},
   NUMBER={2},
   YEAR = {1997},
   PAGES = {268--284}
   }

@ARTICLE{portilla-simoncelli00,
   AUTHOR = {J.~Portilla and E.~P.~Simoncelli},
   TITLE = {A Parametric Texture Model Based on Joint Statistics
            of Compex Wavelet Coefficients},
   JOURNAL = IJCV,
   VOLUME = {40},
   NUMBER={1},
   YEAR = {2000},
   PAGES = {49--71}
   }

@ARTICLE{quattoni07,
   AUTHOR = {A.~Quattoni and S~Wang and {L-P}.~Morency and M.~Collins and T.~Darrell},
   TITLE = {Hidden Conditional Random Fields},
   JOURNAL = PAMI,
   VOLUME = {29},
   NUMBER={10},
   YEAR = {2007},
   PAGES = {1848--1852}
   }

@ARTICLE{rabiner89,
	AUTHOR={L.~R.~Rabiner},
	TITLE={A tutorial on hidden {Markov} models and selected applications in speech recognition},
	JOURNAL={Proceedings of the IEEE},
	VOLUME={77},
	NUMBER={2},
	PAGES={257--286},
	YEAR={1989}
   }
   
@ARTICLE{rivlin95,
	AUTHOR = {E.~Rivlin and S.~J.~Dickinson and A.~Rosenfeld},
	TITLE = {Recognition by functional parts},
	JOURNAL = CVIU,
	VOLUME={62},
	NUMBER={2},
	PAGES = {164--176},
	YEAR = {1995}
	}
		  
@ARTICLE{rohr94,
	AUTHOR={K.~Rohr},
	TITLE={Towards Model-based Recognition of Human Movements in Image
          Sequences},
	JOURNAL={CVGIP - Image Understanding},
	VOLUME={59},
	NUMBER={1},
	PAGES={94--115},
	YEAR={1994}
   }

@ARTICLE{ruderman94,
	AUTHOR = {D.~L.~Ruderman},
	TITLE = {The statistics of natural images},
	JOURNAL = {Network: Computation in Neural Systems},
	VOLUME = {5},
	NUMBER = {4},
	YEAR = {1994},
	PAGES = {517--548}
	}
	    
@ARTICLE{ruderman97,
	AUTHOR = {D.~L.~Ruderman},
	TITLE = {Origins of scaling in natural images},
	JOURNAL = {Vision Research},
	VOLUME = {37},
	NUMBER = {23},
	YEAR = {1997},
	PAGES = {3385--3395}
	}

@ARTICLE{saxena08,
	AUTHOR = {A.~Saxena and J.~Driemeyer and A.~Y.~Ng},
	TITLE = {Robotic grasping of novel objects using vision},
	JOURNAL = IJRR,
	VOLUME = {27},
	NUMBER = {2},
	YEAR = {2008},
	PAGES = {157--173}
	}

@ARTICLE{schaal99,
	AUTHOR = {S.~Schaal},
	TITLE = {Is imitation learning the route to humanoid robots?},
	JOURNAL = {Trends in Cognitive Sciences},
	VOLUME = {3},
	YEAR = {1999},
	PAGES = {233--242}
	}

@ARTICLE{scholkopf01,
	AUTHOR = {B.~Sch{\"o}lkopf and J.~C.~Platt and J.~{Shawe-Taylor} and 
	A.~J.~Smola and R.~C.~Williamson},
	TITLE = {Estimating the support of a High-Dimensional distribution},
	JOURNAL = {Neural Computation},
	VOLUME = {13},
	YEAR = {2001},
	PAGES = {1443--1471}
	}

@ARTICLE{serrano07,
	AUTHOR = {I.~{Serrano Vicente} and V.~Kyrki and J.~Kragic},
	TITLE = {Action recognition and understanding through motor primitives},
	JOURNAL = {Advanced Robotics},
	VOLUME = {21},
	NUMBER = {13},
	YEAR = {2007},
	PAGES = {1473--1501}
	}

@ARTICLE{sidenbladhIJCV03,
   AUTHOR = {H.~Sidenbladh and M.~J.~Black},
   TITLE = {Learning the statistics of people in images and video},
   JOURNAL = IJCV,
   VOLUME = {54},
   NUMBER = {1/2/3},
   YEAR = {2003},
   PAGES = {183--209}
   }
		  
@ARTICLE{sminchisescu06,
   AUTHOR = {C.~Sminchisescu and A.~Kanujia and D.~Metaxas},
   TITLE = {Conditional models for contextual human motion recognition},
   JOURNAL = CVIU,
   VOLUME = {104},
   NUMBER = {2-3},
   YEAR = {2006},
   PAGES = {210--220}
   }
		  
@ARTICLE{stark-bowyer91,
   AUTHOR = {L.~Stark and K.~Bowyer},
   TITLE = {Achieving generalized object recognition through reasoning about association of function to structure},
   JOURNAL = PAMI,
   VOLUME = {13},
   NUMBER = {10},
   YEAR = {1991},
   PAGES = {1097--1104}
   }
		  
@ARTICLE{stauffer00,
   AUTHOR = {C.~Stauffer and W.~E.~L.~Grimson},
   TITLE = {Learning patterns of activity using real-time tracking},
   JOURNAL = PAMI,
   VOLUME = {22},
   NUMBER = {8},
   YEAR = {2000},
   PAGES = {747--757}
   }
		  
@ARTICLE{stenger06,
   AUTHOR = {B.~Stenger and A.~Thayananthan and P.~H.~S.~Torr and R.~Cipolla},
   TITLE = {Model-based hand tracking using a hierarchical Bayesian filter},
   JOURNAL = PAMI,
   VOLUME = {28},
   NUMBER = {9},
   YEAR = {2006},
   PAGES = {1372--1384}
   }
		  
@ARTICLE{tipping01,
   AUTHOR = {M.~E.~Tipping},
   TITLE = {Sparse {Bayesian} learning and the relevance vector machine},
   JOURNAL = {Journal of Machine Learning Research},
   NUMBER = {1},
   YEAR = {2001},
   PAGES = {211--244}
   }

@ARTICLE{torralba03,
   AUTHOR = {A.~Torralba},
   TITLE = {Contextual priming for object detection},
   JOURNAL = IJCV,
   VOLUME = {53},
   NUMBER = {2},
   YEAR = {2003},
   PAGES = {169--191}
   }
		
@ARTICLE{triesch03,
	AUTHOR = {J.~Triesch and D.~M.~Ballard and M.~M.~Hayhoe and B.~T.~Sullivan},
	TITLE = {What you see is what you need},
	JOURNAL = {Journal of Vision},
	NUMBER = {3},
	YEAR = {2003},
	PAGES = {86--94}
	}
  
@ARTICLE{tsang05,
	AUTHOR = {I.~W.~Tsang and J.~T.~Kwok and P.-M.~Cheung},
	TITLE = {Core vector machines: Fast {SVM} training on very large data sets},
	JOURNAL = {Journal of Machine Learning Research},
	NUMBER = {6},
	YEAR = {2005},
	PAGES = {363--392}
	}
  
@ARTICLE{wachter-nagel99,
	AUTHOR = {S.~Wachter and H.~Nagel},
	TITLE = {Tracking of persons in monocular image sequences},
	JOURNAL = CVIU,
	VOLUME = {74},
	NUMBER = {3},
	YEAR = {1999},
	PAGES = {174--192}
	}
	    
@ARTICLE{wren97,
	AUTHOR = {C.~Wren and A.~Azarbayejani and T.~Darrel and A.~Pentland},
	TITLE = {Pfinder: Real-time tracking of the human body},
	JOURNAL = PAMI,
	VOLUME = {19},
	NUMBER = {7},
	YEAR = {1997},
	PAGES = {780--785}}

@ARTICLE{wren-pentland98,
	AUTHOR = {C.~R.~Wren and A.~P.~Pentland},
	TITLE = {Dynaman: Recursive modeling of human motion},
	JOURNAL = IVC,
	YEAR = {to appear}
   }
	    
@ARTICLE{worgotter09,
	AUTHOR = {F.~W{\"o}rg{\"o}tter and A.~Agostini and N.~Kr{\"u}ger and N.~Shylo and B.~Porr},
	TITLE = {Cognitive agents -- a procedural perspective relying on the predictability of object-action-complexes ({OACs})},
	JOURNAL = {Robotics and Autonomous Systems},
	VOLUME = {57},
	NUMBER = {4},
	YEAR = {2009},
	PAGES = {420--432}
   }
	    
@ARTICLE{yacoob-black99,
	AUTHOR = {Y.~Yacoob and M.~J.~Black},
	TITLE = {Parameterized modeling and recognition of activities in temporal 
            surfaces},
	JOURNAL = CVIU,
	VOLUME = {73},
	NUMBER = {2},
	YEAR = {1999},
	PAGES = {232--247}
	}
	    
@ARTICLE{yacoob-davis00,
	AUTHOR = {Y.~Yacoob and L.~Davis},
	TITLE = {Learned models for estimation of rigid and articulated human 
            motion from stationary or moving camera},
	JOURNAL = IJCV,
	VOLUME = {36},
	NUMBER = {1},
	YEAR = {2000},
	PAGES = {5--30}
   }

@ARTICLE{Felzenszwalb10, 
	author={Felzenszwalb, P.F. and Girshick, R.B. and McAllester, D. and Ramanan, D.}, 
	journal={Pattern Analysis and Machine Intelligence, IEEE Transactions on}, 
	title={Object Detection with Discriminatively Trained Part-Based Models}, 
	year={2010}, 
	month={sept. }, 
	volume={32}, 
	number={9}, 
	pages={1627 -1645},
}

@article{Leibe08,
	author = {B.~Leibe and A.~Leonardis and B.~Schiele},
	title = {Robust Object Detection with Interleaved Categorization and Segmentation},
	journal = {Int. J. Comput. Vision},
	volume = {77},
	number = {1-3},
	year = {2008},
} 
   
@ARTICLE{yang02,
	AUTHOR = {{M-H}.~Yang and N.~Ahuja and M.~Tabb},
	TITLE = {Extraction of 2D motion trajectories and its application to hand gesture recognition},
	JOURNAL = PAMI, 
	VOLUME = {24},
   NUMBER = {8},
	YEAR = {2002}, 
	PAGES = {1061--1074}
   }

@ARTICLE{zacks04,
   AUTHOR = {J.~M.~Zacks},
   TITLE = {Using movement and intentions to understand simple events},
   JOURNAL = {Cognitive Science},
   VOLUME = {28},
   NUMBER={6},
   YEAR = {2004},
   PAGES = {979--1008}
   }

@ARTICLE{zhang-lu01,
   AUTHOR = {D.~Zhang and G.~Lu},
   TITLE = {Segmentation of moving objects in image sequence: a review},
   JOURNAL = {Circuits Systems Signal Processing},
   VOLUME = {20},
   NUMBER={2},
   YEAR = {2001},
   PAGES = {143--183}
   }

@ARTICLE{zhu97,
   AUTHOR = {S.~C.~Zhu and Y.~N.~Wu and D.~Mumford},
   TITLE = {Minimax entropy principle and its application to
            texture modeling},
   JOURNAL = {Neural Computation},
   VOLUME = {9},
   YEAR = {1997},
   PAGES = {1627--1660}
   }

@ARTICLE{zhu-mumford97,
	AUTHOR = {S.~C.~Zhu and D.~Mumford},
	TITLE = {Prior learning and {Gibbs} reaction-diffusion},
	JOURNAL = PAMI,
	VOLUME = {19},
	NUMBER = {11},
	YEAR = {1997}
	}
	    
@ARTICLE{zhu-mumford00,
	AUTHOR = {S.~C.~Zhu and D.~Mumford},
	TITLE = {Learning Generic Prior Models for Visual Computation},
   JOURNAL = PAMI, 
   YEAR = {to appear}
	}

@ARTICLE{zivkovic06,
	AUTHOR = {Z.~Zivkovic and F.~{van der Heijden}},
	TITLE = {Efficient Adaptive Density Estimapion
per Image Pixel for the Task of Background Subtraction},
	JOURNAL = {Pattern Recognition Letters},
	VOLUME = {27},
	NUMBER = {7},
	YEAR = {2006},
   PAGES = {773--780}
	}
	    
@article{Unnikrishnan07,
	author = {R.~Unnikrishnan and C.~Pantofaru and M.~Hebert},
	journal = {IEEE transactions on pattern analysis and machine intelligence},
	number = {6},
	pages = {929--44},
	title = {{Toward objective evaluation of image segmentation algorithms.}},
	volume = {29},
	year = {2007}
}

@ARTICLE{Zmigrod13,
	AUTHOR = {S.~Zmigrod and B.~Hommel},
	TITLE = {Feature Integration across multimodal perception and action: a review},
	JOURNAL = {Multisensory research}, 
	VOLUME = {26},
	YEAR = {2013}, 
	PAGES = {143--157}
 }

@ARTICLE{Lyon10, 
	author = {R.~F.~Lyon}, 
	journal={Signal Processing Magazine}, 
	title={Machine Hearing: An Emerging Field}, 
	year={2010}, 
	volume={27}, 
	number={5}, 
	pages={131-139} 
}

@article{Treisman96,
	volume = {6},
	author = {A.~Treisman},
	title = {The Binding Problem},
	journal = {Current Opinion in Neurobiology},
	year = {1996},
	pages = {171--8}
}
 
@ARTICLE{Koppula12,
  author    = {H.~S.~Koppula and
               R.~Gupta and
               A.~Saxena},
  title     = {Learning Human Activities and Object Affordances from RGB-D
               Videos},
  journal   = {CoRR},
  volume    = {abs/1210.1207},
  year      = {2012}
}
 
 
 
 
 

@INPROCEEDINGS{aggarwal01,
   AUTHOR = {C.~C.~Aggarwal and P.~S.~Yu},
   TITLE = {Outlier detection for high dimensional data},
   BOOKTITLE = {ACM SIGMOD International Conference on Management of Data},
   PAGES = {37--46},
   YEAR = {2001}
   }

@INPROCEEDINGS{aksoy10,
   AUTHOR = {E.~E.~Aksoy and A.~Abramov and F.~W{\"o}rg{\"o}tter and B.~Dellen},
   TITLE = {Categorizing Object-Action Relations from Semantic Scene Graphs},
   BOOKTITLE = ICRA,
   YEAR = {2010}
   }

@INPROCEEDINGS{alexe10,
   AUTHOR = {B.~Alexe and T.~Deselaers and V.~Ferrari},
   TITLE = {What is an object?},
   BOOKTITLE = CVPR,
   YEAR = {2010}
   }

@INPROCEEDINGS{andrade06,
   AUTHOR = {E.~L.~Andrade and S.~Blunsden and R.~B.~Fischer},
   TITLE = {Modelling crowd scenes for event detection},
   BOOKTITLE = ICPR,
   PAGES = {175--178},
   YEAR = {2006}
   }

@INPROCEEDINGS{argyros04,
	AUTHOR = {A.~A.~Argyros and M.~I.~A.~Lourakis},
	TITLE = {Real time Tracking of Multiple Skin-Colored Objects with a Possibly Moving Camera},
	BOOKTITLE = ECCV,
	YEAR = {2004},
	PAGES = {368--379},
	VOLUME = {3}
   }

@INPROCEEDINGS{athitsos03,
   AUTHOR = {V.~Athitsos and S.~Sclaroff},
   TITLE = {Estimating {3D} Hand Pose from a Cluttered Image},
   BOOKTITLE = CVPR,
   PAGES = {432--439},
   YEAR = {2003}
   }
   
@INPROCEEDINGS{bandouch09,
   AUTHOR = {J.~Bandouch and M.~Beetz},
   TITLE = {Tracking humans interacting with the environment using efficient hierarchical sampling and layered observation models},
   BOOKTITLE = {IEEE International Workshop on Human-Computer Interaction},
   YEAR = {2009}
   }

@INPROCEEDINGS{beis-lowe97,
   AUTHOR = {J.~S.~Beis and D.~G.~Lowe},
   TITLE = {Shape indexing using nearest-neighbour search in high-dimensional
            spaces},
   BOOKTITLE = CVPR,
   PAGES = {1000--1006},
   YEAR = {1997}
   }

@INPROCEEDINGS{bergen92,
   AUTHOR = {J.~R.~Bergen and P.~Anandan and K.~J.~Hanna and R.~Hingorani},
   TITLE = {Hierarchical model-based motion estimation},
   BOOKTITLE = ECCV,
   PAGES = {237--252},
   YEAR = {1992}
   }

@INPROCEEDINGS{bergstrom11,
   AUTHOR = {N.~Bergström and C.~H.~Ek and M.~Björkman and D.~Kragic},
   TITLE = {Scene Understanding through Interactive Perception},
   BOOKTITLE = {International Conference on Computer Vision Systems},
   YEAR = {2011}
   }

@INPROCEEDINGS{beskow97,
   author = {J.~Beskow and M.~Dahlquist and B.~Granstr\"om and M.~Lundeberg 
             and K-E.~Spens and T.~{\"O}hman},
   title = {The Teleface project -- Multimodal speech-communication for the hearing impaired},
   booktitle = {European Conference on Speech Communication and 
                     Technology},
   year = 1997,
   pages = {2003-2006}
}

@ARTICLE{Rother04,
 author = {C.~Rother and V.~Kolmogorov and A.~Blake},
 title = {"GrabCut": interactive foreground extraction using iterated graph cuts},
 journal = {ACM Trans. Graph.},
 volume = {23},
 number = {3},
 year = {2004},
 pages = {309--314},
 } 


@INPROCEEDINGS{black97,
	AUTHOR = {M.~J.~Black and Y.~Yacoob and A.~D.~Jepson and D.~J.~Fleet},
	TITLE = {Learning parameterized models of image motion},
	BOOKTITLE = CVPR,
	YEAR = {1997},
	PAGES = {561--567}
   }

@INPROCEEDINGS{black99,
	AUTHOR = {M.~J.~Black},
	TITLE = {Explaining optical flow events with parameterized spatio-temporal 
            models},
	BOOKTITLE = CVPR,
	YEAR = {1999},
	PAGES = {326--332},
	VOLUME = {1}
   }

@INPROCEEDINGS{black-fleet99,
	AUTHOR = {M.~J.~Black and D.~J.~Fleet},
	TITLE = {Probabilistic detection and tracking of motion discontinuities},
	BOOKTITLE = ICCV,
	YEAR = {1999},
	PAGES = {551--558},
	VOLUME = {1}
   }

@INPROCEEDINGS{blum-mitchell98,
	AUTHOR = {A.~Blum and T.~Mitchell},
	TITLE = {Combining labeled and unlabeled data with co-training},
	BOOKTITLE = {Conference on Computational Learning Theory},
	YEAR = {1998}
   }


@INPROCEEDINGS{bobick-davis96,
	AUTHOR = {A.~Bobick and J.~Davis},
	TITLE = {An appearance-based representation of action},
	BOOKTITLE = ICPR,
	YEAR = {1996}
   }

@INPROCEEDINGS{bohg-kragic09,
	AUTHOR = {J.~Bohg and D.~Kragic},
	TITLE = {Grasping Familiar Objects Using Shape Context},
	BOOKTITLE = {International Conference on Advanced Robotics},
	YEAR = {2009}
   }

@INPROCEEDINGS{boiman05,
	AUTHOR = {O.~Boiman and M.~Irani},
	TITLE = {Detecting irregularities in images and in video},
	BOOKTITLE = ICCV,
	YEAR = {2005},
	PAGES = {462--469},
	VOLUME = {1}
   }

@INPROCEEDINGS{boiman07,
	AUTHOR = {O.~Boiman and M.~Irani},
	TITLE = {Similarity by composition},
	BOOKTITLE = NIPS,
	YEAR = {2006}
   }

@INPROCEEDINGS{bowyer99,
	AUTHOR = {K.~Bowyer and C.~Kranenburg and S.~Dougherty},
	TITLE = {Edge detector evaluation using empirical {ROC} curves},
	BOOKTITLE = CVPR,
	YEAR = {1999},
	PAGES = {354--359},
	VOLUME = {1}
   }

@INPROCEEDINGS{brand99,
	AUTHOR = {M.~Brand},
	TITLE = {Shadow puppetry},
	BOOKTITLE = ICCV,
	YEAR = {1999},
	PAGES = {1237--1244},
   VOLUME = {2}
   }

@INPROCEEDINGS{brand-hertzmann00,
   AUTHOR = {M.~Brand and A.~Hertzmann},
   TITLE = {Style Machines},
   BOOKTITLE = {Computer Graphics, {SIGGRAPH} 2000},
   PAGES = {183--192},
   YEAR = {2000}
   }

@INPROCEEDINGS{bregler-konig94,
	AUTHOR = {C.~Bregler and Y.~Konig},
	TITLE = {{``Eigenlips''} for robust speech recognition},
	BOOKTITLE = {ICASSP},
	YEAR = {1994},
   PAGES = {669--672}
	}

@INPROCEEDINGS{bregler-malik98,
	AUTHOR = {C.~Bregler and J.~Malik},
	TITLE = {Tracking people with twists and exponential maps},
	BOOKTITLE = CVPR,
	YEAR = {1998},
   PAGES = {8--15}
	}

@INPROCEEDINGS{bretzner-lindeberg99,
	AUTHOR = {L.~Bretzner and T.~Lindeberg},
	TITLE = {Qualitative multi-scale feature hierarchies for
	         object tracking},
	BOOKTITLE = {International Conference on Scale-Space Theories in 
                Computer Vision},
	PAGES = {63--70},
	YEAR = {1999}
	}

@INPROCEEDINGS{brostow06,
	AUTHOR = {G.~J.~Brostow and R.~Cipolla},
	TITLE = {Unsupervised {Bayesian} detection of independent motion in crowds},
	BOOKTITLE = CVPR,
	VOLUME = {1},
	PAGES = {594--601},
	YEAR = {2006}
	}

@INPROCEEDINGS{carbonetto04,
	AUTHOR = {P.~Carbonetto and N.~{de Freitas} and K.~Barnard},
	TITLE = {A statistical model for general contextual object recognition},
	BOOKTITLE = ECCV,
	VOLUME = {1},
	YEAR = {2004},
   PAGES = {350--362}
	}

@INPROCEEDINGS{carlo-metaxas96,
	AUTHOR = {D.~DeCarlo and D.~Metaxas},
	TITLE = {The integration of optical flow and deformable models
 		      with applications to human face shape and motion estimation},
	BOOKTITLE = CVPR,
	YEAR = {1996},
   PAGES = {231--238}
	}

@INPROCEEDINGS{carlsson00,
	AUTHOR = {S.~Carlsson},
	TITLE = {Recognizing walking people},
	BOOKTITLE = ECCV,
   VOLUME = {1},
	YEAR = {2000},
   PAGES = {473--486}
	}

@INPROCEEDINGS{cascia-sclaroff99,
	AUTHOR = {M.~{La Cascia} and S.~Sclaroff},
	TITLE = {Fast, reliable head tracking under varying conditions},
	BOOKTITLE = CVPR,
	YEAR = {1999},
   VOLUME = {1},
   PAGES = {604--609}
	}

@INPROCEEDINGS{cham-rehg99,
	AUTHOR = {T-J.~Cham and J.~M.~Rehg},
	TITLE = {A multiple hypothesis approach to figure tracking},
	BOOKTITLE = CVPR,
	YEAR = {1999},
   VOLUME = {1},
   PAGES = {239--245}  
	}
		  
@INPROCEEDINGS{chang07,
	AUTHOR = {L.~Y.~Chang and N.~S.~Pollard and T.~M.~Mitchell and E.~P.~Xing},
	TITLE = {Feature selection for grasp recognition from optical markers},
	BOOKTITLE = IROS,
	YEAR = {2007}  
	}
		  
@INPROCEEDINGS{chenney00,
   AUTHOR = {S.~Chenney and D.~A.~Forsyth},
   TITLE = {Sampling plausible solutions to multi-body constraint problems},
   BOOKTITLE = {Computer Graphics, {SIGGRAPH} 2000},
   PAGES = {219--228},
   YEAR = {2000}
   }

@INPROCEEDINGS{choo-fleet01,
   AUTHOR = {K.~Choo and D.~Fleet},
   TITLE = {People tracking using hybrid monte carlo filtering},
   BOOKTITLE = ICCV,
   VOLUME = {2},
   PAGES = {321--328},
   YEAR = {2001}
   }

@INPROCEEDINGS{comaniciu00,
	AUTHOR = {D.~Comaniciu and V.~Ramesh and P.~Meer},
	TITLE = {Real-time tracking of non-rigid objects using mean shift},
	BOOKTITLE = CVPR,
	VOLUME={2},
	PAGES={142--149},
   YEAR = {2000}
	}
		
@INPROCEEDINGS{dalal-triggs05,
	AUTHOR = {N.~Dalal and B.~Triggs},
	TITLE = {Histograms of oriented gradients for human detection},
	BOOKTITLE = CVPR,
   YEAR = {2005}
	}
		
@INPROCEEDINGS{danielsson09,
	AUTHOR = {O.~Danielsson and J.~Sullivan and S.~Carlsson},
	TITLE = {Automatic Learning and Extraction of Multi-Local Features},
	BOOKTITLE = ICCV,
   YEAR = {2009}
	}
		
@INPROCEEDINGS{darrell98,
   AUTHOR = {T.~Darrell and G.~Gordon and M.~Harville and J.~Woodfill},
   TITLE = {Integrated person tracking using stereo, color, and pattern 
            detection},
   BOOKTITLE = FG,
   YEAR = {1998},
   PAGES = {616--621}
   }

@INPROCEEDINGS{debonet97,
   AUTHOR = {J.~{de Bonet}},
   TITLE = {Multiresolution sampling procedure for analysis and symthesis of 
            texture images},
   BOOKTITLE = {Computer Graphics, {SIGGRAPH} 1997},
   PAGES = {361--368},
   YEAR = {1997}
   }

@INPROCEEDINGS{delagorce08,
  AUTHOR =      "M.~de~la~Gorce and N.~Paragios and D.~J.~Fleet",
  TITLE =       "Model-based hand tracking with texture, shading and self-occlusions",
  BOOKTITLE =   CVPR,
  YEAR =        "2008"
}

@INPROCEEDINGS{delaitre12,
  AUTHOR =      "V.~Delaitre and D.~F.~Fouhey and I.~Laptev and J.~Sivic and A.~Gupta and A.~A.~Efros",
  TITLE =       "Scene semantics from long-term observation of people",
  BOOKTITLE =   ECCV,
  YEAR =        "2012"
}

@INPROCEEDINGS{desai10,
  AUTHOR =      "C.~Desai and D.~Ramanan and C.~Fowlkes",
  TITLE =       "Discriminative models for static human-object interactions",
  BOOKTITLE =   CVPR,
  YEAR =        "2010"
}

@inproceedings{Bagon08,
 author = {S.~Bagon and O.~Boiman and M.~Irani},
 title = {What Is a Good Image Segment? A Unified Approach to Segment Extraction},
 booktitle = ECCV,
 year = {2008}
} 

@inproceedings{bjorkman10,
author = {M.~Björkman and D.~Kragic},
title = {{Active 3D scene segmentation and detection of unknown objects}},
booktitle = ICRA,
year = {2010}
}

@inproceedings{Bergström11,
author = {N.~Bergström and M.~Björkman and D.~Kragic},
booktitle = IROS,
title = {Generating Object Hypotheses in Natural Scenes through Human-Robot Interaction},
year = {2011}
}

@inproceedings{mishra09,
  title = {Active segmentation with fixation},
  author = {A.~K.~Mishra and Y.~Aloimonos and L.~F.~Cheong},
  year = {2009},
  booktitle = ICCV
}

@inproceedings{Stein08,
   author = {A.~Stein and T.~Stepleton and M.~Hebert},
   title = {Towards Unsupervised Whole-Object Segmentation: Combining Automated Matting with Boundary Detection},
   booktitle = CVPR,
   year = {2008}
}

@INPROCEEDINGS{deutscher99,
	AUTHOR = {J.~Deutscher and B.~North and B.~Bascle and A.~Blake},
	TITLE = {Tracking through singularities and discontinuities by random sampling},
	BOOKTITLE = ICCV,
	YEAR = {1999}
	}

@INPROCEEDINGS{deutscher00,
	AUTHOR = {J.~Deutscher and A.~Blake and I.~Reid},
	TITLE = {Articulated motion capture by annealed particle filtering},
	BOOKTITLE = CVPR,
	YEAR = {2000}
	}
	
	
@INPROCEEDINGS{divvala07,
   AUTHOR = {S.~K.~Divvala and D.~Hoiem and J.~H.~Hays and A.~A.~Efros and M.~Hebert},
   TITLE = {An empirical study of context in object detection},
   BOOKTITLE = CVPR,
   YEAR = {2007}
   }


@INPROCEEDINGS{drummond-cipolla01,
	AUTHOR = {T.~Drummond and R.~Cipolla},
	TITLE = {Real-time tracking of highly articulated structures in the presence of
            noisy measurements},
	BOOKTITLE = ICCV,
	YEAR = {2001},
   VOLUME = {2},
   PAGES = {315--320}  
	}
	
@INPROCEEDINGS{duong05,
	AUTHOR = {T.~V.~Duong and H.~Bui and D.~Q.~Phung and S.~Venkatesh},
	TITLE = {Activity recognition and abnormality detection with the switching hidden semi-{Markov} model},
	BOOKTITLE = CVPR,
	VOLUME = {1},
   PAGES = {838--845},
   YEAR = {2005}
	}
		  
@INPROCEEDINGS{edwards98,
	AUTHOR = {G.~J.~Edwards and T.~F.~Cootes and C.~J.~Taylor},
	TITLE = {Face Recognition using Active Appearance Models},
	BOOKTITLE = ECCV,
   VOLUME = {2},
	YEAR = {1998},
   PAGES = {581--595}
	}
		  
@INPROCEEDINGS{efros-freeman01,
   AUTHOR = {A.~A.~Efros and W.~T.~Freeman},
   TITLE = {Image Quilting for Texture Synthesis and Transfer},
   BOOKTITLE = {Computer Graphics, {SIGGRAPH} 2001},
   YEAR = {2001}
   }

@INPROCEEDINGS{efros-leung99,
   AUTHOR = {A.~A.~Efros and T.~K.~Leung},
   TITLE = {Texture Synthesis by Non-parametric Sampling},
   BOOKTITLE = ICCV,
   PAGES = {1033--1038},
   VOLUME = {2},
   YEAR = {1999}
   }

@INPROCEEDINGS{EngwallBeskow03,
   author = {O.~Engwall and J.~Beskow},
   title = {Resynthesis of \expandafter{3D} tongue movements from Facial data},
   booktitle = {European Conference on Speech Communication and 
                     Technology},
   year = 2003,
   pages = {2261-2264}
}

@INPROCEEDINGS{filipovych-ribeiro08,
   AUTHOR = {R.~Filipovych and E.~Ribeiro},
   TITLE = {Recognizing primitive interactions by exploring actor-object states},
   BOOKTITLE = CVPR,
   YEAR = {2008}
   }

@INPROCEEDINGS{fitzpatrick03,
   AUTHOR = {P.~Fitzpatrick and G.~Metta and L.~Natale and S.~Rao and G.~Sandini},
   TITLE = {Learning about objects through action -- initial steps towards artificial cognition},
   BOOKTITLE = ICRA,
   YEAR = {2003}
   }

@INPROCEEDINGS{freeman95,
   AUTHOR = {W.~T.~Freeman and M.~Roth},
   TITLE = {Orientational histograms for hand gesture recognition},
   BOOKTITLE = FG,
   YEAR = {1995}
   }

@INPROCEEDINGS{freeman96,
   AUTHOR = {W.~T.~Freeman and K.~Tanaka and J.~Ohta and K.~Kyuma},
   TITLE = {Computer vision for computer games},
   BOOKTITLE = FG,
   PAGES = {100-105},
   YEAR = {1996}
   }

@INPROCEEDINGS{gavrila-davis96,
	AUTHOR = {D.~M.~Gavrila and L.~S.~Davis},
	TITLE = {{3-D} model-based tracking of humans in action: a
	   	   multi-view approach},
	BOOKTITLE = CVPR,
	YEAR = {1996},
   PAGES = {73--80}
	}

@INPROCEEDINGS{gall11,
	AUTHOR = {J.~Gall and A.~Fossati and L.~{van Gool}},
	TITLE = {Functional categorization of objects using real-time markerless motion capture},
	BOOKTITLE = CVPR,
	YEAR = {2011}
	}

@INPROCEEDINGS{georgescu03,
   AUTHOR = {B.~Georgescu and I.~Shimshoni and P.~Meer},
   TITLE = {Mean shift based clustering in high dimensions: a texture classification example},
   BOOKTITLE = ICCV,
   PAGES = {456--463},
   VOLUME = {1},
   YEAR = {2003}
   }

@INPROCEEDINGS{gionis99,
	AUTHOR = {A.~Gionis and P.~Indyk  and R.~Motwani},
	TITLE = {Similarity search in high dimensions via hashing},
	BOOKTITLE = {International Conference on Very Large Databases},
	YEAR = {1999},
	PAGES = {518--529}
	}

@INPROCEEDINGS{gleicher97,
   AUTHOR = {M.~Gleicher},
   TITLE = {Motion editing with spacetime constraints},
   BOOKTITLE = {Symposium on Interactive {3D} graphics},
   PAGES = {139--148},
   YEAR = {1997}
   }

@INPROCEEDINGS{gleicher98,
   AUTHOR = {M.~Gleicher},
   TITLE = {Retargeting motion to new characters},
   BOOKTITLE = {Computer Graphics, {SIGGRAPH} 1998},
   PAGES = {33--42},
   YEAR = {1998}
   }

@INPROCEEDINGS{goncalves95,
	AUTHOR = {L.~Goncalves and E.~{Di Bernardo} and E.~Ursella and P.~Perona},
	TITLE = {Monocular tracking of the human arm in {3D}},
	BOOKTITLE = ICCV,
	YEAR = {1995},
   PAGES = {764--770}  
	}

@INPROCEEDINGS{goncalves98,
   AUTHOR = {L.~Goncalves and E.~{Di Bernardo} and P.~Perona},
   TITLE = {Reach out and touch space (motion learning)},
   BOOKTITLE = FG,
   YEAR = {1998},
   PAGES = {234--238}
   }

@INPROCEEDINGS{gordon96,
	AUTHOR = {N.~Gordon},
	TITLE = {On-line filtering for nonlinear/non-Gaussian state
		      space models},
	BOOKTITLE = {European Conference on Simulation Methods in 
		          Econometrics},
	YEAR = {1996}
	}

@INPROCEEDINGS{grabner11,
	AUTHOR = {H.~Grabner and J.~Gall and L.~{van Gool}},
	TITLE = {What makes a chair a chair?},
	BOOKTITLE = CVPR,
	YEAR = {2011}
	}
	
@inproceedings{Madry2012IROS,
  author={M.~Madry and C.~H.~Ek and R.~Detry and K.~Hang and D.~Kragic},
  booktitle=IROS,
  title={Improving Generalization for 3D Object Categorization with
   Global Structure Histograms},
  year={2012},
}

@INPROCEEDINGS{grauman05,
   AUTHOR = {K.~Grauman and T.~Darrell},
   TITLE = {The pyramid match kernel: discriminative classification with sets of features},
   BOOKTITLE = ICCV,
   VOLUME = {2},
   PAGES = {1458--1465},
   YEAR = {2005}
   }

@INPROCEEDINGS{gray97,
   AUTHOR = {M.~S.~Gray and J.~R.~Movellan and T.~J.~Sejnovski},
   TITLE = {Dynamic features for visual speech-reading: A systematic 
            comparison},
   BOOKTITLE = NIPS,
   PAGES = {751--757},
   YEAR = {1997}
   }

@inproceedings{grundmann10,
author = {M.~Grundmann and V.~Kwatra and M.~Han and I.~Essa},
booktitle = CVPR,
title = {Efficient hierarchical graph-based video segmentation},
year = {2010}
}

@INPROCEEDINGS{guptaCVPR08,
	AUTHOR = {A.~Gupta and T.~Chen and F.~Chen and D.~Kimber and L.~S.~Davis},
	TITLE = {Context and observation driven latent variable model for human pose estimation},
	BOOKTITLE = CVPR,
	YEAR = {2008}
	}

@INPROCEEDINGS{guptaNIPS08,
   AUTHOR = {A.~Gupta and J.~Shi and L.~S.~Davis},
   TITLE = {A "shape aware" model for semi-supervised learning of objects and its context},
   BOOKTITLE = NIPS,
   YEAR = {2008}
   }


@INPROCEEDINGS{gupta-davis07,
   AUTHOR = {A.~Gupta and L.~S.~Davis},
   TITLE = {Objects in action: An approach for combining action understanding and object perception},
   BOOKTITLE = CVPR,
   YEAR = {2007}
   }


@INPROCEEDINGS{gupta-davis08,
   AUTHOR = {A.~Gupta and L.~S.~Davis},
   TITLE = {Beyond nouns: Exploiting prepositions and comparative adjectives for learning visual classifiers},
   BOOKTITLE = ECCV,
   YEAR = {2008}
   }
   
@INPROCEEDINGS{Siddiquie10, 
author={B.~Siddiquie and A.~Gupta}, 
booktitle=CVPR, 
title={Beyond active noun tagging: Modeling contextual interactions for multi-class active learning}, 
year={2010}
}

@INPROCEEDINGS{gupta09b,
   AUTHOR = {A.~Gupta and P.~Srinivasan and J.~Shi and L.~S.~Davis},
   TITLE = {Understanding Videos, Constructing Plots: Learning a visually grounded storyline model from annotated videos},
   BOOKTITLE = CVPR,
   YEAR = {2009}
   }

@INPROCEEDINGS{gupta11,
	AUTHOR = {A.~Gupta and S.~Satkin and A.~A.~Efros  and M.~Hebert},
	TITLE = {From {3D} scene geometry to human workspace},
	BOOKTITLE = CVPR,
	YEAR = {2011}
	}


@INPROCEEDINGS{harrison01,
   AUTHOR = {P.~Harrison},
   TITLE = {A non-hierarchical procedure for re-synthesis of complex textures},
   BOOKTITLE = {WSCG'2001},
   YEAR = {2001}
   }
   
@INPROCEEDINGS{abramov12, 
AUTHOR={Abramov, A. and Pauwels, K. and Papon, J. and Worgotter, F. and Dellen, B.}, 
BOOKTITLE={WACV}, 
YEAR={2012}
}


@INPROCEEDINGS{heeger-bergen95,
   AUTHOR = {D.~J.~Heeger and J.~R.~Bergen},
   TITLE = {Pyramid-Based Texture Analysis/Synthesis},
   BOOKTITLE = {Computer Graphics, {SIGGRAPH} 1995},
   PAGES = {229--238},
   YEAR = {1995}
   }

@INPROCEEDINGS{hermans12,
   AUTHOR = {T.~Hermans and J.~M.~Rehg and A.~Bobick},
   TITLE = {Guided pushing for object singulation},
   BOOKTITLE = IROS,
   YEAR = {2012}
   }

@INPROCEEDINGS{hertzmann01,
   AUTHOR = {A.~Hertz\-mann and C.~E.~Jacobs and N.~Oliver and B.~Curless and 
             D.~H.~Salisin},
   TITLE = {Image Analogies},
   BOOKTITLE = {Computer Graphics, {SIGGRAPH} 2001},
   YEAR = {2001}
   }

@INPROCEEDINGS{howe99,
   AUTHOR={N.~R.~Howe and M.~E.~Leventon and W.~T.~Freeman},
   TITLE={Bayesian reconstruction of {3D} human motion from single-
          camera video},
   BOOKTITLE=NIPS,
   YEAR={1999}
   }

@INPROCEEDINGS{huang05,
	AUTHOR = {J.~Huang and K.~Visweswariah},
	TITLE = {Improving lip-reading with feature space transforms for
                 multi-stream audio-visual speech recognition},
	BOOKTITLE = {European Conference on Speech Communication and 
                     Technology},
	PAGES = {1221--1224},
	YEAR = {2005}
	}
		     
@INPROCEEDINGS{ikeuchi-hebert92,
	AUTHOR = {K.~Ikeuchi and M.~Hebert},
	TITLE = {Task oriented vision},
	BOOKTITLE = IROS,
	PAGES = {2187--2194},
	YEAR = {1992}
	}
		     
@INPROCEEDINGS{ioffe-forsyth01,
	AUTHOR = {S.~Ioffe and D.~Forsyth},
	TITLE = {Human tracking with mixtures of trees},
	BOOKTITLE = ICCV,
	YEAR = {2001},
   VOLUME = {1},
	PAGES = {690--695}
	}

@INPROCEEDINGS{isard-blake96,
	AUTHOR = {M.~Isard and A.~Blake},
	TITLE = {Contour tracking by stochastic propagation of
		      conditional density},
	BOOKTITLE = ECCV,
	YEAR = {1996},
	PAGES = {343--356}
	}

@INPROCEEDINGS{isard-blake98,
	AUTHOR = {M.~Isard and A.~Blake},
	TITLE = {{ICondensation}: Unifying low-level and high-level tracking in a 
            stochastic framework},
   VOLUME = {1},
	BOOKTITLE = ECCV,
	YEAR = {1998},
	PAGES = {893--909}
	}

@INPROCEEDINGS{isard-blakeICCV98,
	AUTHOR = {M.~Isard and A.~Blake},
	TITLE = {A mixed-state {Condensation} tracker with automatic model-switching},
	BOOKTITLE = ICCV,
	YEAR = {1998},
	PAGES = {107--112}
	}

@INPROCEEDINGS{isard-maccormick01,
	AUTHOR = {M.~Isard and J.~MacCormick},
	TITLE = {{BraMBLe}: A bayesian multiple-blob tracker},
	BOOKTITLE = ICCV,
	YEAR = {2001},
   VOLUME = {2},
	PAGES = {34--41}
	}

@INPROCEEDINGS{jacobs95,
   AUTHOR = {C.~E.~Jacobs and A.~Finkelstein and D.~H.~Salesin},
   TITLE = {Fast Multiresolution Image Querying},
   BOOKTITLE = {Computer Graphics, {SIGGRAPH} 1995},
   PAGES = {277--286},
   YEAR = {1995}
   }

@INPROCEEDINGS{jurie-schmid04,
	AUTHOR = {F.~Jurie and C.~Schmid},
	TITLE = {Scale-invariant shape features for recognition of object categories},
	BOOKTITLE = CVPR,
	VOLUME = {2},
	PAGES = {90--96},
	YEAR = {2004}
	}

@INPROCEEDINGS{ju96,
	AUTHOR = {S.~X.~Ju and M.~J.~Black and Y.~Yacoob},
	TITLE = {Cardboard people: A parameterized model of articulated motion},
	BOOKTITLE = FG,
	PAGES = {38--44},
	YEAR = {1996}
	}

@INPROCEEDINGS{kakadiaris-metaxas95,
	AUTHOR = {I.~Kakadiaris and D.~Metaxas},
	TITLE = {{3D} human body model acquisition from multiple views},
	BOOKTITLE = ICCV,
	YEAR = {1995},
	PAGES = {618--623}
   }
		  
@INPROCEEDINGS{kakadiaris-metaxas96,
	AUTHOR = {I.~Kakadiaris and D.~Metaxas},
	TITLE = {Model-based estimation of {3D} human motion with occlusion 
             based on active multi-viewpoint selection},
	BOOKTITLE = CVPR,
	YEAR = {1996},
	PAGES = {81--87}
   }
		  
@INPROCEEDINGS{kaucic-blake98,
	AUTHOR = {R.~Kaucic and A.~Blake},
	TITLE = {Accurate, real-time, unadorned lip tracking},
	BOOKTITLE = ICCV,
	YEAR = {1998},
	PAGES = {370--375}
   }
		  
@INPROCEEDINGS{king-forsyth00,
	AUTHOR = {O.~King and D.~A.~Forsyth},
	TITLE = {How does {Condensation} behave with a finite number of samples?},
	BOOKTITLE = ECCV,
	YEAR = {2000},
   VOLUME = {1},
	PAGES = {695--709}
   }
		  
@INPROCEEDINGS{kjellstromECCV08,
         AUTHOR = {H.~Kjellstr{\"o}m and J.~Romero and D.~Mart{\'i}nez and D.~Kragic},
	TITLE = {Simultaneous visual recognition of manipulation actions and manipulated objects},
	BOOKTITLE = ECCV,
	YEAR = {2008},
   VOLUME = {2},
	PAGES = {336--349}	
}

@INPROCEEDINGS{kjellstromIROS08,
         AUTHOR = {H.~Kjellstr{\"o}m and J.~Romero and D.~Kragic},
	TITLE = {Visual recognition of grasps for human-to-robot mapping},
	BOOKTITLE = IROS,
	YEAR = {2008}	
}

@INPROCEEDINGS{lafferty01,
	AUTHOR = {J.~Lafferty and A.~McCallum and F.~Pereira},
	TITLE = {Conditional Random Fields: Probabilistic Models for Segmenting and Labeling Sequence Data},
	BOOKTITLE = ICML,
	YEAR = {2001}
   }


@INPROCEEDINGS{laptev-lindeberg01,
	AUTHOR = {I.~Laptev and T.~Lindeberg},
	TITLE = {A multi-scale feature likelihood map for direct evaluation of object 
            hypotheses},
	BOOKTITLE = {International Conference on Scale-Space and Morphology},
	YEAR = {2001}
   }
		  
@INPROCEEDINGS{laptev07,
	AUTHOR = {I.~Laptev and P.~P{\'e}rez},
	TITLE = {Retrieving actions in movies},
	BOOKTITLE = ICCV,
	YEAR = {2007}
   }
		  
@INPROCEEDINGS{laptev08,
	AUTHOR = {I.~Laptev and M.~Marszalek and C.~Schmid and B.~Rozenfeld},
	TITLE = {Learning realistic human actions from movies},
	BOOKTITLE = CVPR,
	YEAR = {2008}
   }
		  
@INPROCEEDINGS{lecun04,
	AUTHOR = {Y.~{LeCun} and F.~J.~Huang and L.~Bottou},
	TITLE = {Learning methods for generic object recognition with invariance to pose and lighting},
	BOOKTITLE = CVPR,
	VOLUME = {2},
	PAGES = {97--104},
	YEAR = {2004}
   }
		  
@INPROCEEDINGS{li-feifei07,
	AUTHOR = {L.-J.~Li and L.~{Fei-Fei}},
	TITLE = {What, where and who? {Classifying} events by scene and object recognition},
	BOOKTITLE = ICCV,
	YEAR = {2007}
   }
		  
@INPROCEEDINGS{liebowitz-carlsson01,
	AUTHOR = {D.~Liebowitz and S.~Carlsson},
	TITLE = {Uncalibrated Motion Capture Exploiting Articulated Structure 
            Constraints},
	BOOKTITLE = ICCV,
	YEAR = {2001}
   }
		  
@INPROCEEDINGS{liu09,
	AUTHOR = {J.~Liu and J.~Luo and M.~Shah},
	TITLE = {Recognizing realistic actions from videos ``in the wild"},
	BOOKTITLE = CVPR,
	YEAR = {2009}
   }
		  
@INPROCEEDINGS{luettin-dupont98,
	AUTHOR = {J.~Luettin and S.~Dupont},
	TITLE = {Continuous audio-visual speech recognition},
	BOOKTITLE = ECCV,
        VOLUME = {2},
        PAGES = {657--673},
	YEAR = {1998}
   }
		  
@INPROCEEDINGS{luo11,
	AUTHOR = {G.~Luo and N.~Bergstr{\"o}m and C.~H.~Ek and D.~Kragic},
	TITLE = {Representing actions with kernels},
	BOOKTITLE = IROS,
	YEAR = {2011}
   }
		  
@INPROCEEDINGS{maccormick-blake99,
	AUTHOR = {J.~MacCormick and A.~Blake},
	TITLE = {A probabilistic exclusion principle for tracking multiple objects},
	BOOKTITLE = ICCV,
   VOLUME = {1},
	YEAR = {1999},
   PAGES = {572--578}
   }
		  
@INPROCEEDINGS{maccormick-isard00,
	AUTHOR = {J.~MacCormick and M.~Isard},
	TITLE = {Partitioned sampling, articulated objects, and interface quality hand 
            tracking},
	BOOKTITLE = ECCV,
   VOLUME = {2},
	YEAR = {2000},
   PAGES = {3--19}
   }

@INPROCEEDINGS{madry12,
	AUTHOR = {M.~Madry and D.~Song and D.~Kragic},
	TITLE = {From object categories to grasp transfer using probabilistic reasoning},
	BOOKTITLE = ICRA,
   	YEAR = {2012}
   }

@INPROCEEDINGS{mann-jepson98,
	AUTHOR = {R.~Mann and A.~Jepson},
	TITLE = {Towards the computational perception of action},
	BOOKTITLE = CVPR,
	YEAR = {1998}
	}
		  
@INPROCEEDINGS{marszalek09,
	AUTHOR = {M.~Marszaek and I.~Laptev and C.~Schmid},
	TITLE = {Actions in Context},
	BOOKTITLE = CVPR,
	YEAR = {2009}
	}
		  
@INPROCEEDINGS{miura-ikeuchi95,
	AUTHOR = {J.~Miura and K.~Ikeuchi},
	TITLE = {Task-oriented generation of visual sensing strategies},
	BOOKTITLE = ICCV,
	YEAR = {1995}
	}
		  
@INPROCEEDINGS{mikolajczyk05,
	AUTHOR = {K.~Mikolajczyk and B.~Leibe and B.~Schiele},
	TITLE = {Local features for object class recognition},
	BOOKTITLE = ICCV,
	YEAR = {2005},
	PAGES={525--531}
	}
		  
@INPROCEEDINGS{moldovan12,
	AUTHOR = {B.~Moldovan and P.~Moreno and M.~{van Otterlo} and J.~{Santos-Victor} and L.~{De Raedt}},
	TITLE = {Learning Relational Affordance Models for Robots in Multi-Object Manipulation Tasks},
	BOOKTITLE = ICRA,
	YEAR = {2012}
	}
		  
@INPROCEEDINGS{molina-hilton00,
	AUTHOR = {L.~Molina and A.~Hilton},
	TITLE = {Realistic Synthesis of Novel Human Movements from a Database of 
            Motion Capture Examples},
	BOOKTITLE = {IEEE Workshop on Human Motion, HUMO},
	YEAR = {2000},
   PAGES = {137--142}
   }
		  
@INPROCEEDINGS{morris-rehg98,
	AUTHOR = {D.~Morris and J.~M.~Rehg},
	TITLE = {Singularity analysis for articulated object tracking},
	BOOKTITLE = CVPR,
	YEAR = {1998},
   PAGES = {289--296}
   }
		  
@INPROCEEDINGS{moghaddam-pentland95,
	AUTHOR = {B.~Moghaddam and A.~Pentland},
	TITLE = {Probabilistic Visual Learning for Object Detection},
	BOOKTITLE = ICCV,
	YEAR = {1995}
	}

@INPROCEEDINGS{moore99,
	AUTHOR = {D.~J.~Moore and I.~A.~Essa and M.~H.~Hayes},
	TITLE = {Exploiting human actions and object context for recognition tasks},
	BOOKTITLE = ICCV,
	YEAR = {1999}
	}

@INPROCEEDINGS{morency07, 
	AUTHOR = {L-P.~Morency and A.~Quattoni  and T.~Darrell},
	TITLE = {Latent-Dynamic Discriminative Models for Continuous Gesture Recognition},
	BOOKTITLE = CVPR,
	YEAR = {2007}
   }

@INPROCEEDINGS{movellan04,
	AUTHOR = {J.~R.~Movellan and J.~Hershey and J.~Susskind},
	TITLE = {Large-scale convolutional {HMMs} for real-time video 
                 tracking},
	BOOKTITLE = CVPR,
	YEAR = {2004}
	}

@INPROCEEDINGS{murphy03,
	AUTHOR = {K.~Murphy and A.~Torralba and W.~T.~Freeman},
	TITLE = {Using the forest to see the trees: A graphical model relating features, objects, and scenes},
	BOOKTITLE = NIPS,
	YEAR = {2003}
	}

@INPROCEEDINGS{nguyen05,
	AUTHOR = {N.~T.~Nguyen and D.~Q.~Phung and S.~Venkatesh and H.~Bui},
	TITLE = {Learning and detecting activities from movement trajectories using the hierarchical hidden {Markov} model},
	BOOKTITLE = CVPR,
	VOLUME = {2},
   PAGES = {955--960},
   YEAR = {2005}
	}
		  
@INPROCEEDINGS{ogawara03,
	AUTHOR = {K.~Ogawara and J.~Takamatsu and K.~Hashimoto and K.~Ikeuchi},
	TITLE = {Grasp recognition using a {3D} articulated model and infrared images},
	BOOKTITLE = IROS,
	VOLUME = {2},
   PAGES = {1590--1595},
   YEAR = {2003}
	}
		  
@INPROCEEDINGS{oren97,
	AUTHOR = {M.~Oren and C.~Papageorgiou and P.~Sinha and
		       E.~Osuna and T.~Poggio},
	TITLE = {Pedestrian detection using wavelet templates},
	BOOKTITLE = CVPR,
   PAGES = {193--199},
   YEAR = {1997}
	}
		  
@INPROCEEDINGS{ormoneit00,
   AUTHOR={D.~Ormoneit and H.~Sidenbladh and M.~J.~Black and T.~Hastie},
   TITLE={Learning and tracking cyclic human motion},
	BOOKTITLE=NIPS,
	YEAR={2000}
   }
		    
@INPROCEEDINGS{pavlovic99,
	AUTHOR = {V.~{Pavolvi\'{c}} and J.~Rehg and T-J.~Cham and K.~Murphy},
	TITLE = {A dynamic {Bayesian} network approach to figure tracking using
            learned dynamic models},
	BOOKTITLE = ICCV,
   VOLUME = {1},
	YEAR = {1999},
	PAGES = {94--101}
   }

@INPROCEEDINGS{peursum05,
	AUTHOR = {P.~Peursum and G.~West and S.~Venkatesh},
	TITLE = {Combining Image Regions and Human Activity for Indirect Object Recognition in Indoor Wide-Angle Views},
	BOOKTITLE = ICCV,
	YEAR = {2005}
   }

@INPROCEEDINGS{philomin00,
	AUTHOR = {V.~Philomin and R.~Duraiswami and L.~Davis},
	TITLE = {Quasi-random sampling for Condensation},
	BOOKTITLE = ECCV,
   VOLUME = {2},
	PAGES = {134--149},
	YEAR = {2000}
	}
	
@INPROCEEDINGS{pieropan13,
	AUTHOR = {A.~Pieropan and C.~H.~Ek and H.~Kjellstr{\"o}m},
	TITLE = {Functional Object Descriptors for Human Activity Modeling},
	BOOKTITLE = ICRA,
	YEAR = {2013}
}
		
		
		
@INPROCEEDINGS{pirsiavash12,
 AUTHOR = {Pirsiavash, H. and Ramanan, D.},
 TITLE = {Detecting activities of daily living in first-person camera views}, 
 BOOKTITLE = CVPR,
 YEAR = {2012}
 }
	
		  
@INPROCEEDINGS{plankers-fua01,
   AUTHOR = {R.~Pl{\"a}nkers and P.~Fua},
   TITLE = {Articulated soft objects for video-based body modeling},
   BOOKTITLE = ICCV,
   PAGES = {394--401},
   VOLUME = {1},
   YEAR = {2001}
   }

@INPROCEEDINGS{potamianos04,
   AUTHOR = {G.~Potamianos and C.~Neti and J.~Luettin and
             I.~Matthews},
   TITLE = {Audio-visual automatic speech recognition: an overview},
   EDITOR = {G.~Bailly and E.~Vatikiotis-Bateson and P.~Perrier},
   BOOKTITLE = {Issues in Visual and Audio-Visual speech Processing},
   CHAPTER = {10},
   YEAR = {2004}
   }

@INPROCEEDINGS{pullen-bregler00,
   AUTHOR = {K.~Pullen and C.~Bregler},
   TITLE = {Animating by Multi-level Sampling},
   BOOKTITLE = {IEEE Computer Animation},
   PAGES = {36--42},
   YEAR = {2000}
   }

@INPROCEEDINGS{qian98,
	AUTHOR = {R.~J.~Qian and M.~I.~Sezan and K.~E.~Matthews},
	TITLE = {A robust real-time face tracking algorithm},
	BOOKTITLE = ICPR,
	YEAR = {1998},
	PAGES = {131--135}
	}
		  
@INPROCEEDINGS{quattoniCVPR07,
	AUTHOR = {A.~Quattoni and M.~Collins and T.~Darrell},
	TITLE = {Learning visual representations using images with captions},
	BOOKTITLE = CVPR,
	YEAR = {2007}
	}
		  
@INPROCEEDINGS{rasmussen-hager98,
	AUTHOR = {C.~Rasmussen and G.~Hager},
	TITLE = {Joint probabilistic techniques for tracking multi-part objects},
	BOOKTITLE = CVPR,
	YEAR = {1998},
	PAGES = {16--21}
	}
		  
@INPROCEEDINGS{rehg-kanade95,
	AUTHOR = {J.~Rehg and T.~Kanade},
	TITLE = {Model-based Tracking of Self-occluding Articulated Objects},
	BOOKTITLE = ICCV,
	YEAR = {1995},
	PAGES = {612--617}
	}
		  
@INPROCEEDINGS{rittscher00,
	AUTHOR = {J.~Rittscher and J.~Kato and S.~Joga and A.~Blake},
	TITLE = {A probabilistic background model for tracking},
	BOOKTITLE = ECCV,
   VOLUME = {2},
	PAGES = {336--350},
	YEAR = {2000}
	}
	
@INPROCEEDINGS{romero09,
         AUTHOR = {J.~Romero and H.~Kjellstr{\"o}m and D.~Kragic},
	TITLE = {Monocular Real-Time {3D} Articulated Hand Pose Estimation},
	BOOKTITLE = {IEEE-RAS International Conference on Humanoid Robots},
	YEAR = {2009}	
}
		  
@INPROCEEDINGS{romero10,
         AUTHOR = {J.~Romero and H.~Kjellstr{\"o}m and D.~Kragic},
	TITLE = {Hands in action: Real-time {3D} reconstruction of hands in interaction with objects},
	BOOKTITLE = ICRA,
	YEAR = {2010}	
}
		  
@INPROCEEDINGS{rosales00,
	AUTHOR={R.~Rosales and S.~Sclaroff},
	TITLE={Inferring body pose without tracking body parts},
	BOOKTITLE=CVPR,
	YEAR={2000}
   }

@INPROCEEDINGS{rosales01,
	AUTHOR={R.~Rosales and V.~Athitsos and L.~Sigal and S.~Sclaroff},
	TITLE={{3D} hand pose reconstruction using specialized mappings},
	BOOKTITLE=ICCV,
   VOLUME = {1},
   PAGES = {378--385},
	YEAR={2001}
   }

@INPROCEEDINGS{saenko05,
	AUTHOR={K.~Saenko and K.~Livescu and M.~Siracusa and K.~Wilson and 
                J.~Glass and T.~Darrell},
	TITLE={Visual speech recognition with loosely synchronized feature 
               streams},
	BOOKTITLE=ICCV,
   VOLUME = {2},
   PAGES = {1424--1431},
	YEAR={2005}
   }

@INPROCEEDINGS{saxena07,
	AUTHOR={A.~Saxena and J.~Driemeyer and 
                J.~Kearns and A.~Y.~Ng},
	TITLE={Robotic grasping of novel objects},
	BOOKTITLE=NIPS,
	YEAR={2007}
   }

@INPROCEEDINGS{schodl00,
   AUTHOR = {A.~Sch\"{o}dl and R.~Szeliski and D.~H.~Salesin and I.~Essa},
   TITLE = {Video Textures},
   BOOKTITLE = {Computer Graphics, {SIGGRAPH} 2000},    
   YEAR = {2000}
   }

@INPROCEEDINGS{shotton11,
author = {Shotton, J. and A.~Fitzgibbon and M.~Cook and T.~Sharp and M.~Finocchio and R.~Moore and A.~Kipman and A.~Blake},
booktitle = CVPR,
title = {Real-Time Human Pose Recognition in Parts from Single Depth Images},
year = {2011}
}

@INPROCEEDINGS{seymour05,
	AUTHOR = {R.~Seymour and J.~Ming and D.~Stewart},
	TITLE = {A new posterior based audio-visual integration method for
                 robust speech recognition},
	BOOKTITLE = {European Conference on Speech Communication and 
                     Technology},
	PAGES = {1229--1232},
	YEAR = {2005}
	}

@INPROCEEDINGS{shakhnarovich03,
	AUTHOR = {G.~Shakhnarovich and P.~Viola and T.~Darrell},
	TITLE = {Fast pose estimation with parameter sensitive hashing},
	BOOKTITLE = ICCV,
	PAGES = {750--757},
	VOLUME = {2},
	YEAR = {2003}
	}
	
@INPROCEEDINGS{Viola01,
    author = {P.~Viola and M~.Jones},
    title = {Robust Real-time Object Detection},
    booktitle = {International Journal of Computer Vision},
    year = {2001}
}



@INPROCEEDINGS{shdaifat05,
	AUTHOR = {I.~Shdaifat and R-R.~Grigat},
	TITLE = {A system for audio-visual speech recognition},
	BOOKTITLE = {European Conference on Speech Communication and 
                     Technology},
	PAGES = {1221--1224},
	YEAR = {2005}
	}
		     		 
@INPROCEEDINGS{shi06,
	AUTHOR = {Y.~Shi and A.~Bobick and I.~Essa},
	TITLE = {Learning temporal sequence model from partially labeled data},
	BOOKTITLE = CVPR,
	PAGES = {1631--1638},
	YEAR = {2003}
	}

@INPROCEEDINGS{si11,
	AUTHOR = {Z.~Si and M.~Pei and B.~Yao and S.-C.~Zhu},
	TITLE = {Unsupervised learning of event {AND-OR} grammar and semantics from video},
	BOOKTITLE = ICCV,
	YEAR = {2011}
	}

@INPROCEEDINGS{sidenbladhFG00,
	AUTHOR = {H.~Sidenbladh and F.~{De la Torre} and M.~J.~Black},
	TITLE = {A framework for modeling the appearance of {3D}
	     	   articulated figures},
	BOOKTITLE = FG,
	PAGES = {368--375},
	YEAR = {2000}
	}
		 
@INPROCEEDINGS{sidenbladhECCV00,
	AUTHOR = {H.~Sidenbladh and M.~J.~Black and D.~J.~Fleet},
	TITLE = {Stochastic tracking of {3D} human figures using {2D} image motion},
	BOOKTITLE = ECCV,
	VOLUME = {2},
	PAGES = {702--718},
	YEAR = {2000}
	}
		  
@INPROCEEDINGS{sidenbladhICCV01,
   AUTHOR = {H.~Sidenbladh and M.~J.~Black},
   TITLE = {Learning image statistics for {Bayesian} tracking},
   BOOKTITLE = ICCV,
   VOLUME = {1},
   PAGES = {356--359},
   YEAR = {2001}
   }
        
@INPROCEEDINGS{sidenbladhECCV02,
   AUTHOR = {H.~Sidenbladh and M.~J.~Black and L.~Sigal},
   TITLE = {Implicit Probabilistic Models of Human Motion 
            for Synthesis and Tracking},
   BOOKTITLE = ECCV,
   VOL = {1},
   PAGES = {784--800},
   YEAR = {2002}
   }
		  
@INPROCEEDINGS{simoncelli91,
	AUTHOR = {E.~P.~Simoncelli and E.~H.~Adelson and D.~J.~Heeger},
	TITLE = {Probability distributions of optical flow},
	BOOKTITLE = CVPR,
	PAGES = {310--315},
	YEAR = {1991}
	}
		  
@INPROCEEDINGS{simoncelli97,
	AUTHOR = {E.~P.~Simoncelli},
	TITLE = {Statistical models for images: Compression,
		      Restoration and optical flow},
	BOOKTITLE = {Asilomar Conference on Signals, Systems and Computers},
	YEAR = {1997}
	}
		  
@INPROCEEDINGS{songCVPR00,
	AUTHOR = {Y.~Song and X.~Feng and P.~Perona},
	TITLE = {Towards detection of human motion},
	BOOKTITLE = CVPR,
	VOLUME = {1},
	PAGES = {810--817},
	YEAR = {2000}
	}
		  
@INPROCEEDINGS{songECCV00,
	AUTHOR = {Y.~Song and L.~Goncalves and P.~Perona},
	TITLE = {Monocular perception of human motion -- clutter and partial occlusion},
	BOOKTITLE = ECCV,
	VOLUME = {2},
	PAGES = {719--733},
	YEAR = {2000}
	}
		  
@INPROCEEDINGS{stark08,
	AUTHOR = {M.~Stark and P.~Lies and M.~Zillich and J.~Wyatt and B.~Schiele},
	TITLE = {Functional object class detection based on learned affordance cues},
	BOOKTITLE = {ICVS},
	YEAR = {2008}
	}
		  
@INPROCEEDINGS{stiefelhagen97,
	AUTHOR = {R.~Stiefelhagen and U.~Meier and J.~Yang},
	TITLE = {Real-time lip-tracking for lipreading},
	BOOKTITLE = {Eurospeech},
	PAGES = {2007--2010},
	YEAR = {1997}
	}
		  
@INPROCEEDINGS{sudderth04,
	AUTHOR = {E.~Sudderth and M.~I.~Mandel and W.~T.~Freeman and A.~S.~Willsky},
	TITLE = {Visual hand tracking using non-parametric belief propagation},
	BOOKTITLE = {IEEE Workshop on Generative Model Based Vision},
	YEAR = {2004}
	}
		  
@INPROCEEDINGS{sullivan99,
	AUTHOR = {J.~Sullivan and A.~Blake and M.~Isard and J.~MacCormick},
	TITLE = {Object localization by {Bayesian} correlation},
	BOOKTITLE = ICCV,
	VOLUME = {2},
	PAGES = {1068--1075},
	YEAR = {1999}
	}
		  
@INPROCEEDINGS{sullivan00,
	AUTHOR = {J.~Sullivan and A.~Blake and J.~Rittscher},
	TITLE = {Statistical foreground modelling for object localisation},
	BOOKTITLE = ECCV,
	VOLUME = {2},
	PAGES = {307--323},
	YEAR = {2000}
	}
		  
@INPROCEEDINGS{sullivan-rittscher01,
	AUTHOR = {J.~Sullivan and J.~Rittscher},
	TITLE = {Guiding random particles by deterministic search},
	BOOKTITLE = ICCV,
	VOLUME = {1},
	PAGES = {323--330},
	YEAR = {2001}
	}
	
@INPROCEEDINGS{sullivan-carlsson02,
	AUTHOR = {J.~Sullivan and S.~Carlsson},
	TITLE = { Recognizing and Tracking Human Action},
	BOOKTITLE = ECCV,
	VOLUME = {1},
	PAGES = {629--644},
	YEAR = {2002}
	}
		  
@INPROCEEDINGS{sun09,
	AUTHOR = {J.~Sun and X.~Wu and S.~Yan and L.~F.~Cheong and T.~S.~Chua and J.~Li},
	TITLE = {Hierarchical spatio-temporal context modeling for action recognition},
	BOOKTITLE = CVPR,
	YEAR = {2009}
	}
		  
@INPROCEEDINGS{sutton04,
	AUTHOR = {C.~Sutton and K.~Rohanimanesh and A.~{McCallum}},
	TITLE = {Dynamic Conditional Random Fields: Factorized probabilistic models for labeling and segmenting sequence data},
	BOOKTITLE = ICML,
	YEAR = {2004}
	}
		  
@INPROCEEDINGS{taylor00,
	AUTHOR = {C.~J.~Taylor},
	TITLE = {Reconstruction of articulated objects from point correspondences in a 
            single articulated image},
	BOOKTITLE = CVPR,
	YEAR = {2000},
   PAGES = {586--591}
	}

@INPROCEEDINGS{tenorth09,
	AUTHOR = {M.~Tenorth and J.~Bandouch and M.~Beetz},
	TITLE = {The {TUM Kitchen Data Set} of everyday manipulation activities for motion tracking and action recognition},
	BOOKTITLE = {IEEE International Workshop on Tracking Humans for the Evaluation of their Motion in Image Sequences},
	YEAR = {2009}
	}
		  
@INPROCEEDINGS{tian00,
	AUTHOR = {{Y-L}.~Tian and T.~Kanade and J.~F.~Cohn},
	TITLE = {Robust lip tracking by combining shape, color and motion},
	BOOKTITLE = ACCV,
	PAGES = {1040--1045},
	YEAR = {2000}
	}
		  
@INPROCEEDINGS{torralba04,
	AUTHOR = {A.~Torralba and K.~Murphy and W.~T.~Freeman},
	TITLE = {Contextual models for object detection using boosted random fields},
	BOOKTITLE = NIPS,
	YEAR = {2004}
	}

@INPROCEEDINGS{toyama-blake01,
	AUTHOR = {K.~Toyama and A.~Blake},
	TITLE = {Probabilistic tracking in a metric space},
	BOOKTITLE = ICCV,
	VOLUME = {2},
	PAGES = {50--57},
	YEAR = {2001}
	}
		  
@INPROCEEDINGS{triesch-mahlsburg00,
	AUTHOR = {J.~Triesch and C.~{von der Mahlsburg}},
	TITLE = {Self-organized integration of adaptive visual cues for 
                 face tracking},
	BOOKTITLE = FG,
	PAGES = {102--107},
	YEAR = {2000}
	}
		  
@INPROCEEDINGS{turek10,
	AUTHOR = {M.~W.~Turek and A.~Hoggs and R.~Collins},
	TITLE = {Unsupervised learning of Functional Categories in Video Scenes},
	BOOKTITLE = ECCV,
	YEAR = {2010}
	}

@INPROCEEDINGS{turk-pentland91,
	AUTHOR = {M.~Turk and A.~Pentland},
	TITLE = {Face Recognition Using Eigenfaces},
	BOOKTITLE = CVPR,
	YEAR = {1991},
   PAGES = {586--591}
	}

@INPROCEEDINGS{viola03,
   AUTHOR = {P.~Viola and M.~J.~Jones and D.~Snow},
   TITLE = {Detecting pedestrians using patterns of motion and appearance},
   BOOKTITLE = ICCV,
   YEAR = {2003},
	VOLUME = {2},
	PAGES = {734--741}
   }

@INPROCEEDINGS{veloso05,
   AUTHOR = {M.~Veloso and F.~{von Hundelshausen} and P.~E.~Rybski},
   TITLE = {Learning visual object definitions by observing human activities},
   BOOKTITLE = {IEEE-RAS International Conference on Humanoid Robots},
   YEAR = {2005}
    }

@INPROCEEDINGS{wang91,
   AUTHOR = {J.~Wang and G.~Lorette and P.~Bouthemy},
   TITLE = {Analysis of Human Motion: A Model-Based Approach},
   BOOKTITLE = {Scandinavian Conference on Image Analysis, SCIA},
   YEAR = {1991},
	VOLUME = {2},
	PAGES = {1142--1149}
   }

@INPROCEEDINGS{wei-levoy00,
   AUTHOR = {L.-Y.~Wei and M.~Levoy},
   TITLE = {Fast Texture Synthesis Using Tree-Structured Vector Quantization},
   BOOKTITLE = {Computer Graphics, {SIGGRAPH} 2000},
   PAGES = {479--488},
   YEAR = {2000}
   }

@INPROCEEDINGS{weiss-freeman99,
   AUTHOR={Y.~Weiss and W.~T.~Freeman},
   TITLE={Correctness of belief propagation in {Gaussian} graphical models of 
          arbitrary topology},
   BOOKTITLE=NIPS,
   YEAR={1999}
   }

@INPROCEEDINGS{wu99,
	AUTHOR = {Y.~Wu and T.~S.~Huang},
	TITLE = {Vision-based gesture recognition: A review},
	BOOKTITLE = {International Gesture Workshop on Gesture-Based Communication in Human-Computer Interaction},
	PAGES = {103--115},
	YEAR = {1999}
	}

@INPROCEEDINGS{wu07,
	AUTHOR = {J.~Wu and A.~Osuntogun and T.~Choudhury and M.~Philipose and J.~M.~Rehg},
	TITLE = {A scalable approach to activity recognition based on object use},
	BOOKTITLE = ICCV,
	YEAR = {2007}
	}

@INPROCEEDINGS{yamamoto98,
	AUTHOR = {M.~Yamamoto and A.~Sato and S.~Kawada and T.~Kondo 
             and Y.~Osaki},
	TITLE = {Incremental tracking of human actions from multiple views},
	BOOKTITLE = CVPR,
	YEAR = {1998},
   PAGES = {2--7}
   }


@INPROCEEDINGS{yao-feifei10,
	AUTHOR = {B.~Yao and L.~{Fei-Fei}},
	TITLE = {Modeling mutual context of object and human pose in human-object interaction activities},
	BOOKTITLE = CVPR,
	YEAR = {2011}
   }


@INPROCEEDINGS{zelnik01,
	AUTHOR = {L.~{Zelnik-Manor} and M.~Irani},
	TITLE = {Event-Based analysis of video},
	VOLUME = {2},
	BOOKTITLE = CVPR,
	YEAR = {2001},
	PAGES = {123--130}
   }


@INPROCEEDINGS{zhong04,
	AUTHOR = {H.~Zhong and J.~Shi and and M.~Visontai},
	TITLE = {Detecting unusual activity in video},
	VOLUME = {2},
	BOOKTITLE = CVPR,
	YEAR = {2004},
	PAGES = {819--826}
   }


@INPROCEEDINGS{zhou04,
 	AUTHOR = {S.~Zhou and R.~Chellappa and B.~Moghaddam},
	TITLE = {Appearance tracking using adaptive models in a particle filter},
	BOOKTITLE = ACCV,
	YEAR = {2004}
   }
  


@INPROCEEDINGS{zhou08,
 	AUTHOR = {F.~Zhou and F.~{De la Torre} and J.~K.~Hodgins},
	TITLE = {Aligned cluster analysis for temporal segmentation of human motion},
	BOOKTITLE = FG,
	YEAR = {2008}
   }
  


@INPROCEEDINGS{zhu06,
 	AUTHOR = {Q.~Zhu and S.~Avidan and M.-C.~Yeh and K.-T.~Chen},
	TITLE = {Fast Human Detection Using a Cascade of Histograms of Oriented Gradients},
	VOLUME = {2},
	BOOKTITLE = CVPR,
	YEAR = {2006},
	PAGES = {1491--1498}
    }
  


@INPROCEEDINGS{zollner05,
 	AUTHOR = {R.~Z{\"o}llner and M.~Pardowitz and S.~Knoop and R.~Dillman},
	TITLE = {Towards cognitive robots: Building hierarchical task representations of manipulations from human demonstration},
	BOOKTITLE = ICRA,
	PAGES = {1535--1540},
	YEAR = {2005}
   }
	
@INPROCEEDINGS{Hasan04, 
	AUTHOR = {M.~R.~Hasan and M.~Jamil and M.~G.~Rabbani and M.~S.~Rahman}, 
	BOOKTITLE = {Conference on Electrical and Computer Engineering}, 
	TITLE = {Speaker indentification using MEL frequency cepstral coefficients}, 
	YEAR = {2004}
}

@INPROCEEDINGS{Mckinney03,
    AUTHOR = {M.~Mckinney and J.~Breebaart},
    TITLE = {Features for Audio and Music Classification},
    BOOKTITLE = {International Symposium on Music Information Retrieval},
    YEAR = {2003},
    PAGES = {151--158}
}

@INPROCEEDINGS{Stork12,
		AUTHOR = {J.~Stork and L.~Spinello and J.~Silva and K.~O.~Arras},
		BOOKTITLE = {RO-MAN},
		PAGES = {509-514},
		TITLE = {Audio-based human activity recognition using Non-Markovian Ensemble Voting.},
		YEAR = {2012}
}

@inproceedings{KarlTracker,
title = {Real-time model-based rigid object pose estimation and
tracking combining dense and sparse visual cues},
author = {K.~Pauwels and L.~Rubio and J.~Diaz Alonso and
E.~Ros},
year = {2013},
booktitle = CVPR,
pages = {2347-2354}
}


  
		  
@BOOK{blom89,
	AUTHOR = {G.~Blom},
	TITLE = {Sannolikhetsteori och statistikteori med till\"{a}mpningar},
	PUBLISHER = {Studentlitteratur},
	YEAR = {1989}
}

@BOOK{cristianini00,
   AUTHOR = {N.~Cristianini and J.~Shawe-Taylor},
   TITLE = {An Introduction to Support Vector Machines},
   PUBLISHER = {Cambridge University Press},
   YEAR = {2000}
}
      
@BOOK{doucet01,
   EDITOR = {A.~Doucet and N.~de Freitas and N.~Gordon},
   TITLE = {Sequential Monte Carlo Methods in Practice},
   PUBLISHER = {Springer Verlag},
   YEAR = {2001}
}
  		  
@BOOK{foley93,
	AUTHOR = {J.~D.~Foley and A.~{van Dam} and S.~K.~Feiner and J.~F.~Hughes 
             and R.~L.~Phillips},
	TITLE = {Introduction to Computer Graphics},
	PUBLISHER = {Addison-Wesley Publishing Company},
	YEAR = {1993}
}
		  
@BOOK{gibson79,
	AUTHOR = {J.~J.~Gibson},
	TITLE = {The Ecological Approach to Visual Perception},
	PUBLISHER = {Lawrence Erlbaum Associates},
	YEAR = {1979}
}
		  
@BOOK{hartley-zisserman00,
	AUTHOR = {R.~Hartley and A.~Zisserman},
	TITLE = {Multiple View Geometry in Computer Vision},
	PUBLISHER = {Cambridge University Press},
	YEAR = {2000}
}
		  
@BOOK{hyvarinen01,
	AUTHOR = {A.~Hyv{\"a}rinen and J.~Karhunen and E.~Oja},
	TITLE = {Independent Component Analysis},
	PUBLISHER = {John Wiley \& Sons},
	YEAR = {2001}
}
		  
@BOOK{jaynes96,
	AUTHOR = {E.~T.~Jaynes},
	TITLE = {Probability Theory: The Logic of Science},
	PUBLISHER = {Unpublished, preprint on http://bayes.wustl.edu/etj/prob.html},
	YEAR = {1996}
}
		  
@BOOK{jordan98,
	EDITOR = {M.~I.~Jordan},
	TITLE = {Learning in Graphical Models},
	PUBLISHER = {The MIT Press},
	YEAR = {1998}
}
		  
@BOOK{marr82,
	AUTHOR = {D.~Marr},
	TITLE = {Vision},
	PUBLISHER = {Freeman},
	YEAR = {1982}
}
		  
@BOOK{mcneill92,
	AUTHOR = {D.~McNeill},
	TITLE = {Hand and Mind: What Gestures Reveal About Thought},
	PUBLISHER = {The University of Chicago Press},
	YEAR = {1992}
}
		  
@BOOK{mises64,
	AUTHOR = {R.~{von Mises}},
	TITLE = {Mathematical Theory of Probability and Statistics},
	PUBLISHER = {Academic Press},
	YEAR = {1964}
}
		  
@BOOK{pearl88,
	AUTHOR = {J.~Pearl},
	TITLE = {Probabilistic Reasoning in Intelligent Systems},
	PUBLISHER = {Morgan Kaufmann Publishers},
	YEAR = {1988}
}
		  
@BOOK{ramsay-silverman97,
	AUTHOR = {J.~O.~Ramsay and B.~W.~Silverman},
	TITLE = {Functional Data Analysis},
	PUBLISHER = {Springer},
	YEAR = {1997}
}
		  
@BOOK{scholkopf-smola02,
	AUTHOR = {B.~Sch{\"o}lkopf and A.~Smola},
	TITLE = {Learning with Kernels: Support Vector Machines, Regularization, Optimization and Beyond},
	PUBLISHER = {MIT Press},
	YEAR = {2002}
}
		  
@BOOK{stadler95,
	AUTHOR = {W.~Stadler},
	TITLE = {Analytical Robotics and Mechatronics},
	PUBLISHER = {McGraw-Hill},
   ADDRESS = {New York, NY, USA},
	YEAR = {1995}
}

@BOOK{stark-bowyer96,
   AUTHOR = {L.~Stark and K.~Bowyer},
   TITLE = {Generic Object Recognition using Form and Function},
   PUBLISHER={World Scientific Series in Machine Perception and Artificial Intelligence -- Vol.~10},
   YEAR = {1996}
   }
		  
@TECHREPORT{leventon-freeman98,
	AUTHOR = {M.~E.~Leventon and W.~T.~Freeman},
	TITLE = {Bayesian estimation of 3-d human motion from an image
		  sequence},
	NUMBER = {TR--98--06},
	INSTITUTION = {Mitsubishi Electric Research Lab},
	ADDRESS = {Cambridge, MA, USA},
   YEAR = {1998}
}
		  
@TECHREPORT{ju-report,
	AUTHOR = {S.~Ju},
	TITLE = {Human Motion Estimation and Recognition (Depth Oral Report)},
	INSTITUTION = {University of Toronto},
	ADDRESS = {Toronto, Canada},
   YEAR = {1996}
}
		  
@PHDTHESIS{ekvall-thesis,
	AUTHOR = {S.~Ekvall},
	TITLE = {Robot Task Learning from Human Demonstration},
	SCHOOL = {KTH},
	ADDRESS = {Stockholm, Sweden},
	YEAR = {2007}
}

@PHDTHESIS{freeman-thesis,
	AUTHOR = {W.~T.~Freeman},
	TITLE = {Steerable Filters and Local Analysis of Image Structure},
	SCHOOL = {Massachusetts Institute of Technology},
	ADDRESS = {Cambridge, MA, USA},
	YEAR = {1992}
}
		  
@PHDTHESIS{gavrila-thesis,
	AUTHOR = {D.~M.~Gavrila},
	TITLE = {Vision-based 3-{D} Tracking of Humans in Action},
	SCHOOL = {University of Maryland},
	ADDRESS = {College Park, MD, USA},
	YEAR = {1996}
}

@PHDTHESIS{sidenbladh-thesis,
	AUTHOR = {H.~Sidenbladh},
	TITLE = {Probabilistic Tracking and Reconstruction of 3D Human Motion in 
            Monocular Video Sequences},
	SCHOOL = {KTH},
	ADDRESS = {Stockholm, Sweden},
	YEAR = {2001}
}


@INCOLLECTION{liao07,
   author = {L.~Liao and D.~Fox and H.~Kautz},
   title = {Hiearachical conditional random fields for {GPS}-based activity recognition},
   editor = {S.~Thrun and R.~Brooks and H.~{Durrant-Whyte}},
   booktitle = {Robotics Research},
   series = {STAR 28},
   pages ={487--506},
   publisher = {Springer},
   address = {Heidelberg},
   year = {2007},
}


@INCOLLECTION{billard08,
   author = {A.~Billard and S.~Calinon and R.~Dillman and S.~Schaal},
   title = {Robot programming by demonstration},
   editor = {B.~Siciliano and O.~Khatib},
   booktitle = {Handbook of Robotics},
   chapter = {59},
   publisher = {Springer},
   year = {2008}
}		  


@INCOLLECTION{kjellstrombook11,
   author = {H.~Kjellstr{\"o}m},
   title = {Contextual action recognition},
   editor = {T.~B.~Moeslund and A.~Hilton and V.~Kr{\"u}ger and L.~Sigal},
   booktitle = {Guide to Visual Analysis of Humans: Looking at People},
   chapter = {18},
   publisher = {Springer},
   year = {2011}
}		  


@INCOLLECTION{Kricos,
   author = {P.~Kricos},
   title = {Differences in Visual Intelligibility Across Talkers},
   editor = {D.~Stork and M.~Hennecke},
   booktitle = {Speechreading by Humans and Machines},
   series = {NATO ASI Series},
   pages ={43-54},
   publisher = {Springer},
   address = {Heidelberg},
   year = 1976
}

@INCOLLECTION{sutton-stark08,
   author = {M.~A.~Sutton and L.~Stark},
   title = {Function-based reasoning for goal-oriented image segmentation},
   editor = {B.~Siciliano and O.~Khatib},
   booktitle = {Handbook of Robotics},
   chapter = {59},
   publisher = {Springer},
   year = {2008}
}	

@INCOLLECTION{shapiro02,
   author = {L.~Shapiro and G.~Stockman},
   title = {Connected Components Labeling},
   editor = {Prentice Hall},
   booktitle = {Computer Vision},
   chapter = {3},
   pages ={69-73},
   publisher = {Prentice Hall},
   year = {2002}
}	

@MISC{fleet-personal,
   AUTHOR = {D.~J.~Fleet},
   TITLE = {Personal communication},
   YEAR = {1999--2001}	
}	  

@MISC{fastica,
   TITLE = {The {FastICA} package for {Matlab}, version 2.4. {URL:} 
            www.cis.hut.fi/projects/ica/fastica}	
}	  

@MISC{fergus-course,
   AUTHOR = {L.~{Fei-Fei} and R.~Fergus and A.~Torralba},
   TITLE = {{\em Recognizing and Learning Object Categories: Short course at {ICCV}}},
     YEAR = {2009}	
}	  

@MISC{halvorsen99,
   AUTHOR = {A.~K.~Halvorsen},
   TITLE = {{\em Model-based Methods for Tracking and Analysis of Human Movement},
            {Licentiate} thesis, {Uppsala} {University}, {Uppsala}, {Sweden}},
   YEAR = {1999}	
}	  
		  

@Manual{libsvm,
  author =	 {Chih-Chung Chang and Chih-Jen Lin},
  title =	 {{LIBSVM}: a library for support vector machines},
  note =	 {Software available at \url{http://www.csie.ntu.edu.tw/$\sim$cjlin/libsvm}},
  year =	 {2001}
}

@Manual{crf,
  author =	 {Kevin Murphy},
  title =	 {A CRF implementation for general graphs},
  note =	 {Software available at \url{http://people.cs.ubc.ca/$\sim$murphyk/Software/CRF/crf.html}},
  year =	 {2004}
}

@MISC{bouguet00,
  AUTHOR = {Bouguet, J.-Y.},
  PUBLISHER = {Intel Corporation Microprocessor Research Labs},
  TITLE = {Pyramidal implementation of the {Lucas Kanade Feature Tracker}, description of the algorithm},
  YEAR = 2000
}


@CONFERENCE {holz11,
	TITLE = {Real-time plane segmentation using {RGB-D} cameras},
	BOOKTITLE = {RoboCup Symposium},
	YEAR = {2011},
	MONTH = {2011},
	AUTHOR = {D.~Holz, S.~Holzer, R.~B.~Rusu and S.~Behnke}
}

@String{IEEE_J_SMCB = "{IEEE} Transactions on Systems, Man and Cybernetics: Cybernetics"}

@Article{SalviEtAlAffSpeech2012,
  author = 	 {G.~Salvi and L.~Montesano and A.~Bernardino and J.~Santos-Victor},
  title = 	 {Language bootstrapping: Learning word meanings from perception-action association},
  journal = {IEEE SMC-B},
  year = 	 {2012},
  volume = 	 {42},
  number = 	 {3},
  pages = 	 {660--671}
}

@InProceedings{SaponaroEtAl2013CR-HRI,
  author = 	 {G.~Saponaro and G.~Salvi and A.~Bernardino},
  title = 	 {Robot anticipation of human intentions through continuous gesture recognition},
  booktitle = {International Workshop on Collaborative Robots and Human Robot Interaction},
  year = 	 {2013},
}

@InProceedings{TeoYDFA12,
  author = {C.~L.~Teo and Y.~Yang and H.~Daumé III and C.~Fermüller and Y.~Aloimonos},
  booktitle = {ICRA},
  pages = {374-381},
  publisher = {IEEE},
  title = {Towards a Watson that sees: Language-guided action recognition for robots.},
  year = 2012
}

@MISC{Sapp10,
    author = {Benjamin Sapp and Alexander Toshev and Ben Taskar},
    title = {Cascaded Models for Articulated Pose Estimation},
    year = {2010}
}

@ARTICLE{Bobick01,
    author = {Aaron F. Bobick and James W. Davis and Ieee Computer Society and Ieee Computer Society},
    title = {The Recognition of Human Movement Using Temporal Templates},
    journal = {IEEE Transactions on Pattern Analysis and Machine Intelligence},
    year = {2001},
    volume = {23},
    pages = {257--267}
}

@inproceedings{AslamBB10a,
  author = {Aslam, Salman and Barnes, Christopher F. and Bobick, Aaron F.},
  booktitle = {IPCV},
	pages = {659-666},
  title = {Video Action Recognition Using Residual Vector Quantization and Hidden Markov Models.},
  year = 2010
}

@INPROCEEDINGS{Laptev03,
    author = {Ivan Laptev and Tony Lindeberg},
    title = {Space-time Interest Points},
    booktitle = {IN ICCV},
    year = {2003},
    pages = {432--439}
}

@inproceedings{EnglebienneCR07,
  author = {G.~Englebienne and T.~F.Cootes and M.~Rattray},
  booktitle = {NIPS},
  title = {A probabilistic model for generating realistic lip movements from speech.},
  year = 2007
}

@inproceedings{MitraNESG11,
  author = {V.~Mitra and H.~Nam and C.~Y.~Espy-Wilson and E.~Saltzman and L.~Goldstein},
  booktitle = {ICASSP},
	pages = {5172-5175},
  publisher = {IEEE},
  title = {Gesture-based Dynamic Bayesian Network for noise robust speech recognition.},
  year = 2011
}

@inproceedings{Sangmin11,
    author = "O.~Sangmin and A.~Hoogs and A.~Perera and N.~Cuntoor and C.~C.~Chen and J.~T.~Lee and S.~Mukherjee and J.~K.~Aggarwal and H.~Lee and L.~Davis and E.~Swears and X.~Wang and Q.~Ji and K.~Reddy and M.~Shah and C.~Vondrick and H.~Pirsiavash and D.~Ramanan and J.~Yuen and A.~Torralba and B.~Song and A.~Fong and A.~Roy-Chowdhury and M.~Desai",
    booktitle = "CVPR",
    year = "2011",
    title = "A Large-scale Benchmark Dataset for Event Recognition in Surveillance Video"
}

@misc{UTInteraction,
      author = "M.~S.~Ryoo and J.~K.~Aggarwal",
      title = "{UT}-{I}nteraction {D}ataset, {ICPR} contest on {S}emantic {D}escription of {H}uman {A}ctivities ({SDHA})",
      year = "2010",
}

@incollection{Rohrbach12,
year={2012},
booktitle={ECCV 2012},
volume={7572},
title={Script Data for Attribute-Based Recognition of Composite Activities},
author={M.~Rohrbach and M.~Regneri and M.~Andriluka and S.~Amin and M.~Pinkal and B.~Schiele},
pages={144-157}
}

@INPROCEEDINGS{pieropan14b,
	AUTHOR = {A.~Pieropan and G.~Salvi and K.~Pauwels and H.~Kjellstr{\"o}m},
	TITLE = {Audio-Visual Classification and Detection of Human Manipulation Actions},
	BOOKTITLE = IROS,
	YEAR = {Submitted}
}
@ARTICLE{colledachise17tro, author={M. Colledanchise and P. Ögren}, journal={{IEEE Transactions on Robotics}}, title={{How Behavior Trees Modularize Hybrid Control Systems and Generalize Sequential Behavior Compositions, the Subsumption Architecture, and Decision Trees}}, year={2017}, volume={33}, number={2}, pages={372-389}, keywords={Computer architecture;Decision trees;High definition video;Robot control;Switches;Behavior trees (BTs);decision trees;finite state machines (FSMs);hybrid dynamical systems (HDSs);modularity;sequential behavior compositions;subsumption architecture}, doi={10.1109/TRO.2016.2633567}, ISSN={1552-3098}, month={April},}



@conference{Colledanchise16iros,
	Author = {Michele Colledanchise and Petter \"Ogren },
	Booktitle = {IEEE/RSJ International Conference on Intelligent Robots and Systems (IROS)},
	Month = {October},
	Title = {How {B}ehavior {T}rees {G}eneralize the {T}eleo-{R}eactive {P}aradigm and {A}nd-{O}r-{T}rees},
	Year = {2016}
	}	



@inbook{rabin2014gameAiPro,
	Author = {Steve Rabin},
	Chapter = {6. The Behavior Tree Starter Kit},
	Date-Added = {2015-08-12 13:16:10 +0000},
	Date-Modified = {2015-08-12 13:16:10 +0000},
	Publisher = {CRC Press},
	Title = {Game AI Pro},
	Year = {2014}}



@book{millington2009artificial,
	Author = {Millington, Ian and Funge, John},
	Date-Added = {2014-09-10 08:05:56 +0000},
	Date-Modified = {2014-09-10 08:05:56 +0000},
	Publisher = {CRC Press},
	Title = {Artificial intelligence for games},
	Year = {2009}}

	

@article{pokorny_2017,
title = "A database for reproducible manipulation research: {CapriDB} –- {C}apture, {P}rint, {I}nnovate ",
journal = "Data in Brief",
volume = "11",
number = "",
pages = "491--498",
year = "2017",
note = "",
issn = "2352-3409",
doi = "https://doi.org/10.1016/j.dib.2017.02.015",
author = "Florian T. Pokorny and Yasemin Bekiroglu and Karl Pauwels and Judith Butepage and Clara Scherer and Danica Kragic"
}

@inproceedings{pauwels_simtrack_2015,
title = {{SimTrack}: A Simulation-based Framework for Scalable Real-time Object Pose Detection and Tracking},
author = {Karl Pauwels and Danica Kragic},
year = {2015},
date = {2015-09-28},
booktitle = {IEEE/RSJ International Conference on Intelligent Robots and Systems},
address = {Hamburg, Germany},
keywords = {},
pubstate = {published},
tppubtype = {inproceedings}
}

@misc{simtrack_github,
  title = {{SimTrack}},
  howpublished = {\url{https://github.com/karlpauwels/simtrack}},
  note = {Accessed: 2017-05-01}
}

@misc{autodesk,
  title = {Autodesk},
  howpublished = {\url{http://www.123dapp.com}},
  note = {Accessed: 2017-05-01}
}
